<?xml version="1.0" encoding="UTF-8"?>
<!DOCTYPE html PUBLIC "-//W3C//DTD XHTML 1.0 Transitional//EN"
    "http://www.w3.org/TR/xhtml1/DTD/xhtml1-transitional.dtd">
<html xmlns="http://www.w3.org/1999/xhtml" xml:lang="en" lang="en">
 <head>
  <title>
</title>
<meta http-equiv="Content-Type" content="text/html;charset=utf-8" />
  <meta name='ocr-system' content='tesseract 3.04.00' />
  <meta name='ocr-capabilities' content='ocr_page ocr_carea ocr_par ocr_line ocrx_word'/>
</head>
<body>
  <div class='ocr_page' id='page_1' title='image "./qvomodopronomin00nilsgoog_0007.png"; bbox 0 0 5650 7325; ppageno 0'>
   <div class='ocr_carea' id='block_1_1' title="bbox 584 2219 2233 2381">
    <p class='ocr_par' dir='ltr' id='par_1_1' title="bbox 584 2219 2233 2381">
     <span class='ocr_line' id='line_1_1' title="bbox 584 2219 2233 2381; baseline -0.001 -21"><span class='ocrx_word' id='word_1_1' title='bbox 584 2219 639 2361; x_wconf 83' lang='lat' dir='ltr'>ln</span> <span class='ocrx_word' id='word_1_2' title='bbox 665 2297 727 2361; x_wconf 87' lang='lat' dir='ltr'>hac</span> <span class='ocrx_word' id='word_1_3' title='bbox 751 2297 1034 2362; x_wconf 88' lang='lat' dir='ltr'>commentatione</span> <span class='ocrx_word' id='word_1_4' title='bbox 1057 2318 1126 2361; x_wconf 91' lang='lat' dir='ltr'>non</span> <span class='ocrx_word' id='word_1_5' title='bbox 1150 2295 1266 2361; x_wconf 90' lang='lat' dir='ltr'>omniu</span> <span class='ocrx_word' id='word_1_6' title='bbox 1289 2296 1501 2381; x_wconf 86' lang='lat' dir='ltr'>pronomina,</span> <span class='ocrx_word' id='word_1_7' title='bbox 1526 2317 1603 2380; x_wconf 84' lang='lat' dir='ltr'>quae</span> <span class='ocrx_word' id='word_1_8' title='bbox 1627 2316 1703 2360; x_wconf 88' lang='lat' dir='ltr'>cum</span> <span class='ocrx_word' id='word_1_9' title='bbox 1735 2294 1948 2360; x_wconf 85' lang='lat' dir='ltr'>substantiuo</span> <span class='ocrx_word' id='word_1_10' title='bbox 1972 2296 2233 2380; x_wconf 88' lang='lat' dir='ltr'>coniunguntur,</span> 
     </span>
    </p>
   </div>
   <div class='ocr_carea' id='block_1_2' title="bbox 579 2389 2238 4244">
    <p class='ocr_par' dir='ltr' id='par_1_2' title="bbox 579 2389 2237 3081">
     <span class='ocr_line' id='line_1_2' title="bbox 579 2389 2235 2498; baseline -0.002 -20"><span class='ocrx_word' id='word_1_11' title='bbox 579 2420 719 2478; x_wconf 79' lang='lat' dir='ltr'>tractata</span> <span class='ocrx_word' id='word_1_12' title='bbox 742 2420 830 2489; x_wconf 88' lang='lat' dir='ltr'>sunt,</span> <span class='ocrx_word' id='word_1_13' title='bbox 856 2411 913 2478; x_wconf 91' lang='lat' dir='ltr'>sed</span> <span class='ocrx_word' id='word_1_14' title='bbox 939 2413 1010 2478; x_wconf 72' lang='lat' dir='ltr'>haec</span> <span class='ocrx_word' id='word_1_15' title='bbox 1034 2413 1117 2478; x_wconf 81' lang='lat' dir='ltr'>sola:</span> <span class='ocrx_word' id='word_1_16' title='bbox 1154 2413 1354 2498; x_wconf 88' lang='lat' dir='ltr'>possessiua,</span> <span class='ocrx_word' id='word_1_17' title='bbox 1379 2411 1647 2477; x_wconf 70' lang='lat' dir='ltr'>demonstratiuae</span> <span class='ocrx_word' id='word_1_18' title='bbox 1669 2412 1699 2477; x_wconf 81' lang='lat' dir='ltr'>is</span> <span class='ocrx_word' id='word_1_19' title='bbox 1722 2413 1774 2477; x_wconf 80' lang='lat' dir='ltr'>hic</span> <span class='ocrx_word' id='word_1_20' title='bbox 1797 2411 1855 2477; x_wconf 82' lang='lat' dir='ltr'>iste</span> <span class='ocrx_word' id='word_1_21' title='bbox 1877 2411 1940 2488; x_wconf 80' lang='lat' dir='ltr'>ille,</span> <span class='ocrx_word' id='word_1_22' title='bbox 1964 2411 2020 2494; x_wconf 80' lang='lat' dir='ltr'>que&#39;</span> <span class='ocrx_word' id='word_1_23' title='bbox 2055 2389 2235 2476; x_wconf 86' lang='lat' dir='ltr'>relatiuuin</span> 
     </span>
     <span class='ocr_line' id='line_1_3' title="bbox 579 2511 2236 2614; baseline -0.002 -19"><span class='ocrx_word' id='word_1_24' title='bbox 579 2540 612 2595; x_wconf 88' lang='lat' dir='ltr'>ot</span> <span class='ocrx_word' id='word_1_25' title='bbox 635 2529 914 2614; x_wconf 84' lang='lat' dir='ltr'>interrogatiuum</span> <span class='ocrx_word' id='word_1_26' title='bbox 940 2536 973 2594; x_wconf 89' lang='lat' dir='ltr'>et</span> <span class='ocrx_word' id='word_1_27' title='bbox 1004 2511 1230 2595; x_wconf 84' lang='lat' dir='ltr'>indefinitum.</span> <span class='ocrx_word' id='word_1_28' title='bbox 1278 2529 1396 2594; x_wconf 81' lang='lat' dir='ltr'>Cetera</span> <span class='ocrx_word' id='word_1_29' title='bbox 1431 2528 1529 2593; x_wconf 91' lang='lat' dir='ltr'>omisi</span> <span class='ocrx_word' id='word_1_30' title='bbox 1565 2549 1604 2593; x_wconf 87' lang='lat' dir='ltr'>eo</span> <span class='ocrx_word' id='word_1_31' title='bbox 1639 2534 1838 2604; x_wconf 88' lang='lat' dir='ltr'>commotus,</span> <span class='ocrx_word' id='word_1_32' title='bbox 1873 2526 1965 2613; x_wconf 90' lang='lat' dir='ltr'>quod</span> <span class='ocrx_word' id='word_1_33' title='bbox 1998 2535 2037 2592; x_wconf 92' lang='lat' dir='ltr'>ut</span> <span class='ocrx_word' id='word_1_34' title='bbox 2069 2546 2087 2592; x_wconf 87' lang='lat' dir='ltr'>e</span> <span class='ocrx_word' id='word_1_35' title='bbox 2122 2526 2236 2592; x_wconf 90' lang='lat' dir='ltr'>labore</span> 
     </span>
     <span class='ocr_line' id='line_1_4' title="bbox 580 2642 2237 2731; baseline -0.002 -21"><span class='ocrx_word' id='word_1_36' title='bbox 580 2648 710 2711; x_wconf 74' lang='lat' dir='ltr'>huntus</span> <span class='ocrx_word' id='word_1_37' title='bbox 734 2645 895 2731; x_wconf 76' lang='lat' dir='ltr'>capiatur,</span> <span class='ocrx_word' id='word_1_38' title='bbox 922 2667 988 2710; x_wconf 91' lang='lat' dir='ltr'>uua</span> <span class='ocrx_word' id='word_1_39' title='bbox 1025 2667 1101 2711; x_wconf 88' lang='lat' dir='ltr'>cum</span> <span class='ocrx_word' id='word_1_40' title='bbox 1135 2645 1312 2727; x_wconf 87' lang='lat' dir='ltr'>adiectiuis</span> <span class='ocrx_word' id='word_1_41' title='bbox 1347 2644 1522 2710; x_wconf 83' lang='lat' dir='ltr'>tractanda</span> <span class='ocrx_word' id='word_1_42' title='bbox 1560 2649 1647 2721; x_wconf 85' lang='lat' dir='ltr'>suut,</span> <span class='ocrx_word' id='word_1_43' title='bbox 1673 2643 1797 2729; x_wconf 80' lang='lat' dir='ltr'>quibus</span> <span class='ocrx_word' id='word_1_44' title='bbox 1832 2643 1895 2709; x_wconf 89' lang='lat' dir='ltr'>hac</span> <span class='ocrx_word' id='word_1_45' title='bbox 1930 2644 1966 2708; x_wconf 89' lang='lat' dir='ltr'>in</span> <span class='ocrx_word' id='word_1_46' title='bbox 2000 2662 2036 2708; x_wconf 86' lang='lat' dir='ltr'>re</span> <span class='ocrx_word' id='word_1_47' title='bbox 2074 2642 2237 2708; x_wconf 84' lang='lat' dir='ltr'>similiora</span> 
     </span>
     <span class='ocr_line' id='line_1_5' title="bbox 579 2759 2236 2847; baseline -0.002 -21"><span class='ocrx_word' id='word_1_48' title='bbox 579 2770 659 2827; x_wconf 89' lang='lat' dir='ltr'>sunt</span> <span class='ocrx_word' id='word_1_49' title='bbox 681 2783 783 2846; x_wconf 89' lang='lat' dir='ltr'>quam</span> <span class='ocrx_word' id='word_1_50' title='bbox 809 2763 850 2827; x_wconf 87' lang='lat' dir='ltr'>iis</span> <span class='ocrx_word' id='word_1_51' title='bbox 874 2762 1141 2847; x_wconf 76' lang='lat' dir='ltr'>pronominibus</span> <span class='ocrx_word' id='word_1_52' title='bbox 1167 2762 1202 2827; x_wconf 91' lang='lat' dir='ltr'>in</span> <span class='ocrx_word' id='word_1_53' title='bbox 1238 2784 1313 2847; x_wconf 82' lang='lat' dir='ltr'>quae</span> <span class='ocrx_word' id='word_1_54' title='bbox 1343 2782 1434 2826; x_wconf 88' lang='lat' dir='ltr'>nuuc</span> <span class='ocrx_word' id='word_1_55' title='bbox 1469 2760 1641 2845; x_wconf 88' lang='lat' dir='ltr'>inquisiui.</span> <span class='ocrx_word' id='word_1_56' title='bbox 1689 2759 1772 2826; x_wconf 67' lang='lat' dir='ltr'>Heeo</span> <span class='ocrx_word' id='word_1_57' title='bbox 1810 2767 1935 2835; x_wconf 89' lang='lat' dir='ltr'>autem,</span> <span class='ocrx_word' id='word_1_58' title='bbox 1960 2759 2094 2825; x_wconf 88' lang='lat' dir='ltr'>etiamsi</span> <span class='ocrx_word' id='word_1_59' title='bbox 2130 2759 2166 2823; x_wconf 89' lang='lat' dir='ltr'>iu</span> <span class='ocrx_word' id='word_1_60' title='bbox 2200 2780 2236 2823; x_wconf 88' lang='lat' dir='ltr'>re</span> 
     </span>
     <span class='ocr_line' id='line_1_6' title="bbox 581 2875 2234 2961; baseline -0.001 -19"><span class='ocrx_word' id='word_1_61' title='bbox 581 2879 738 2942; x_wconf 85' lang='lat' dir='ltr'>uniuersa</span> <span class='ocrx_word' id='word_1_62' title='bbox 762 2900 838 2943; x_wconf 88' lang='lat' dir='ltr'>cnm</span> <span class='ocrx_word' id='word_1_63' title='bbox 865 2878 1040 2944; x_wconf 89' lang='lat' dir='ltr'>adiectiuis</span> <span class='ocrx_word' id='word_1_64' title='bbox 1063 2879 1288 2955; x_wconf 84' lang='lat' dir='ltr'>consentiunt,</span> <span class='ocrx_word' id='word_1_65' title='bbox 1306 2884 1439 2943; x_wconf 84' lang='lat' dir='ltr'>tanturn</span> <span class='ocrx_word' id='word_1_66' title='bbox 1464 2876 1591 2961; x_wconf 88' lang='lat' dir='ltr'>proprii</span> <span class='ocrx_word' id='word_1_67' title='bbox 1616 2876 1743 2942; x_wconf 87' lang='lat' dir='ltr'>habent</span> <span class='ocrx_word' id='word_1_68' title='bbox 1765 2883 1799 2942; x_wconf 89' lang='lat' dir='ltr'>et</span> <span class='ocrx_word' id='word_1_69' title='bbox 1821 2882 1871 2941; x_wconf 94' lang='lat' dir='ltr'>tot</span> <span class='ocrx_word' id='word_1_70' title='bbox 1893 2875 2050 2961; x_wconf 83' lang='lat' dir='ltr'>exempla</span> <span class='ocrx_word' id='word_1_71' title='bbox 2073 2875 2234 2960; x_wconf 73' lang='lat' dir='ltr'>praebent,</span> 
     </span>
     <span class='ocr_line' id='line_1_7' title="bbox 580 2994 1887 3081; baseline -0.002 -22"><span class='ocrx_word' id='word_1_72' title='bbox 580 3003 617 3059; x_wconf 96' lang='lat' dir='ltr'>ut</span> <span class='ocrx_word' id='word_1_73' title='bbox 640 2994 681 3060; x_wconf 88' lang='lat' dir='ltr'>de</span> <span class='ocrx_word' id='word_1_74' title='bbox 705 2995 746 3060; x_wconf 93' lang='lat' dir='ltr'>iis</span> <span class='ocrx_word' id='word_1_75' title='bbox 770 2995 951 3081; x_wconf 82' lang='lat' dir='ltr'>seperatim</span> <span class='ocrx_word' id='word_1_76' title='bbox 976 2995 1138 3060; x_wconf 80' lang='lat' dir='ltr'>disserere</span> <span class='ocrx_word' id='word_1_77' title='bbox 1162 3015 1272 3080; x_wconf 87' lang='lat' dir='ltr'>operae</span> <span class='ocrx_word' id='word_1_78' title='bbox 1296 2994 1444 3079; x_wconf 89' lang='lat' dir='ltr'>pretium</span> <span class='ocrx_word' id='word_1_79' title='bbox 1468 2994 1623 3059; x_wconf 81' lang='lat' dir='ltr'>futurum</span> <span class='ocrx_word' id='word_1_80' title='bbox 1648 3014 1720 3059; x_wconf 85' lang='lat' dir='ltr'>esse</span> <span class='ocrx_word' id='word_1_81' title='bbox 1744 3014 1887 3077; x_wconf 82' lang='lat' dir='ltr'>sperem.</span> 
     </span>
    </p>

    <p class='ocr_par' dir='ltr' id='par_1_3' title="bbox 579 3108 2238 4244">
     <span class='ocr_line' id='line_1_8' title="bbox 686 3108 2234 3196; baseline -0.002 -20"><span class='ocrx_word' id='word_1_82' title='bbox 686 3111 796 3176; x_wconf 77' lang='lat' dir='ltr'>Aliam</span> <span class='ocrx_word' id='word_1_83' title='bbox 824 3119 938 3176; x_wconf 84' lang='lat' dir='ltr'>autern</span> <span class='ocrx_word' id='word_1_84' title='bbox 963 3110 1232 3196; x_wconf 89' lang='lat' dir='ltr'>disquisitionem</span> <span class='ocrx_word' id='word_1_85' title='bbox 1258 3131 1360 3194; x_wconf 87' lang='lat' dir='ltr'>quam</span> <span class='ocrx_word' id='word_1_86' title='bbox 1385 3109 1516 3175; x_wconf 92' lang='lat' dir='ltr'>institui</span> <span class='ocrx_word' id='word_1_87' title='bbox 1540 3109 1662 3174; x_wconf 79' lang='lat' dir='ltr'>afferre</span> <span class='ocrx_word' id='word_1_88' title='bbox 1686 3130 1795 3195; x_wconf 73' lang='lat' dir='ltr'>operae</span> <span class='ocrx_word' id='word_1_89' title='bbox 1819 3109 1966 3194; x_wconf 91' lang='lat' dir='ltr'>pretium</span> <span class='ocrx_word' id='word_1_90' title='bbox 1991 3129 2060 3173; x_wconf 91' lang='lat' dir='ltr'>non</span> <span class='ocrx_word' id='word_1_91' title='bbox 2079 3108 2234 3173; x_wconf 78' lang='lat' dir='ltr'>futurum</span> 
     </span>
     <span class='ocr_line' id='line_1_9' title="bbox 579 3216 2236 3312; baseline -0.002 -19"><span class='ocrx_word' id='word_1_92' title='bbox 579 3250 651 3293; x_wconf 82' lang='lat' dir='ltr'>esso</span> <span class='ocrx_word' id='word_1_93' title='bbox 675 3228 783 3292; x_wconf 87' lang='lat' dir='ltr'>credo.</span> <span class='ocrx_word' id='word_1_94' title='bbox 833 3216 1033 3304; x_wconf 71' lang='lat' dir='ltr'>Quaerebam</span> <span class='ocrx_word' id='word_1_95' title='bbox 1060 3228 1161 3303; x_wconf 83' lang='lat' dir='ltr'>enirn,</span> <span class='ocrx_word' id='word_1_96' title='bbox 1187 3227 1351 3292; x_wconf 89' lang='lat' dir='ltr'>soleretne</span> <span class='ocrx_word' id='word_1_97' title='bbox 1375 3247 1470 3312; x_wconf 89' lang='lat' dir='ltr'>pron.</span> <span class='ocrx_word' id='word_1_98' title='bbox 1496 3226 1531 3291; x_wconf 91' lang='lat' dir='ltr'>ui</span> <span class='ocrx_word' id='word_1_99' title='bbox 1555 3224 1715 3311; x_wconf 85' lang='lat' dir='ltr'>peculiari</span> <span class='ocrx_word' id='word_1_100' title='bbox 1751 3225 1877 3291; x_wconf 89' lang='lat' dir='ltr'>elatum</span> <span class='ocrx_word' id='word_1_101' title='bbox 1912 3225 1971 3289; x_wconf 83' lang='lat' dir='ltr'>teli</span> <span class='ocrx_word' id='word_1_102' title='bbox 2007 3225 2078 3289; x_wconf 88' lang='lat' dir='ltr'>loco</span> <span class='ocrx_word' id='word_1_103' title='bbox 2117 3245 2236 3290; x_wconf 87' lang='lat' dir='ltr'>uersus</span> 
     </span>
     <span class='ocr_line' id='line_1_10' title="bbox 581 3341 2234 3429; baseline -0.001 -23"><span class='ocrx_word' id='word_1_104' title='bbox 581 3346 670 3429; x_wconf 88' lang='lat' dir='ltr'>poni,</span> <span class='ocrx_word' id='word_1_105' title='bbox 704 3351 742 3409; x_wconf 90' lang='lat' dir='ltr'>ut</span> <span class='ocrx_word' id='word_1_106' title='bbox 764 3345 860 3410; x_wconf 80' lang='lat' dir='ltr'>ictum</span> <span class='ocrx_word' id='word_1_107' title='bbox 900 3344 1069 3429; x_wconf 89' lang='lat' dir='ltr'>reciperet.</span> <span class='ocrx_word' id='word_1_108' title='bbox 1117 3343 1193 3419; x_wconf 79' lang='lat' dir='ltr'>Qua</span> <span class='ocrx_word' id='word_1_109' title='bbox 1227 3344 1262 3408; x_wconf 90' lang='lat' dir='ltr'>iu</span> <span class='ocrx_word' id='word_1_110' title='bbox 1293 3365 1328 3409; x_wconf 94' lang='lat' dir='ltr'>re</span> <span class='ocrx_word' id='word_1_111' title='bbox 1363 3349 1469 3428; x_wconf 71' lang='lat' dir='ltr'>poetas</span> <span class='ocrx_word' id='word_1_112' title='bbox 1504 3350 1611 3408; x_wconf 84' lang='lat' dir='ltr'>certes</span> <span class='ocrx_word' id='word_1_113' title='bbox 1646 3342 1735 3427; x_wconf 90' lang='lat' dir='ltr'>leges</span> <span class='ocrx_word' id='word_1_114' title='bbox 1766 3342 1869 3407; x_wconf 86' lang='lat' dir='ltr'>secuti</span> <span class='ocrx_word' id='word_1_115' title='bbox 1908 3362 1976 3406; x_wconf 92' lang='lat' dir='ltr'>non</span> <span class='ocrx_word' id='word_1_116' title='bbox 2010 3351 2099 3407; x_wconf 89' lang='lat' dir='ltr'>sunt.</span> <span class='ocrx_word' id='word_1_117' title='bbox 2147 3341 2234 3406; x_wconf 87' lang='lat' dir='ltr'>Nam</span> 
     </span>
     <span class='ocr_line' id='line_1_11' title="bbox 580 3457 2237 3546; baseline -0.001 -22"><span class='ocrx_word' id='word_1_118' title='bbox 580 3482 790 3546; x_wconf 82' lang='lat' dir='ltr'>quamquem</span> <span class='ocrx_word' id='word_1_119' title='bbox 816 3482 910 3545; x_wconf 86' lang='lat' dir='ltr'>pron.</span> <span class='ocrx_word' id='word_1_120' title='bbox 937 3462 969 3524; x_wconf 96' lang='lat' dir='ltr'>ui</span> <span class='ocrx_word' id='word_1_121' title='bbox 995 3460 1122 3525; x_wconf 82' lang='lat' dir='ltr'>elutum</span> <span class='ocrx_word' id='word_1_122' title='bbox 1147 3481 1236 3544; x_wconf 69' lang='lat' dir='ltr'>saepe</span> <span class='ocrx_word' id='word_1_123' title='bbox 1259 3459 1328 3524; x_wconf 89' lang='lat' dir='ltr'>ictu</span> <span class='ocrx_word' id='word_1_124' title='bbox 1363 3458 1494 3533; x_wconf 87' lang='lat' dir='ltr'>feritur,</span> <span class='ocrx_word' id='word_1_125' title='bbox 1530 3459 1727 3543; x_wconf 85' lang='lat' dir='ltr'>frequenter</span> <span class='ocrx_word' id='word_1_126' title='bbox 1759 3458 1859 3524; x_wconf 85' lang='lat' dir='ltr'>etiarn</span> <span class='ocrx_word' id='word_1_127' title='bbox 1897 3479 1991 3543; x_wconf 87' lang='lat' dir='ltr'>pron.</span> <span class='ocrx_word' id='word_1_128' title='bbox 2017 3458 2166 3523; x_wconf 84' lang='lat' dir='ltr'>maxime</span> <span class='ocrx_word' id='word_1_129' title='bbox 2200 3457 2237 3522; x_wconf 91' lang='lat' dir='ltr'>ui</span> 
     </span>
     <span class='ocr_line' id='line_1_12' title="bbox 580 3575 2238 3663; baseline -0.002 -20"><span class='ocrx_word' id='word_1_130' title='bbox 580 3578 705 3643; x_wconf 87' lang='lat' dir='ltr'>elatum</span> <span class='ocrx_word' id='word_1_131' title='bbox 729 3577 799 3641; x_wconf 89' lang='lat' dir='ltr'>ictu</span> <span class='ocrx_word' id='word_1_132' title='bbox 834 3583 934 3652; x_wconf 82' lang='lat' dir='ltr'>caret,</span> <span class='ocrx_word' id='word_1_133' title='bbox 959 3598 1010 3641; x_wconf 83' lang='lat' dir='ltr'>ox.</span> <span class='ocrx_word' id='word_1_134' title='bbox 1036 3598 1063 3642; x_wconf 91' lang='lat' dir='ltr'>c.</span> <span class='ocrx_word' id='word_1_135' title='bbox 1089 3576 1164 3640; x_wconf 83' lang='lat' dir='ltr'>Am.</span> <span class='ocrx_word' id='word_1_136' title='bbox 1189 3577 1255 3640; x_wconf 75' lang='lat'>535</span> <span class='ocrx_word' id='word_1_137' title='bbox 1278 3599 1367 3663; x_wconf 84' lang='lat' dir='ltr'>quem</span> <span class='ocrx_word' id='word_1_138' title='bbox 1390 3577 1445 3659; x_wconf 79' lang='lat' dir='ltr'>c&#39;qo</span> <span class='ocrx_word' id='word_1_139' title='bbox 1469 3599 1538 3641; x_wconf 84' lang='lat' dir='ltr'>mea</span> <span class='ocrx_word' id='word_1_140' title='bbox 1561 3576 1661 3642; x_wconf 79' lang='lat' dir='ltr'>occidi</span> <span class='ocrx_word' id='word_1_141' title='bbox 1683 3596 1790 3652; x_wconf 85' lang='lat' dir='ltr'>manu,</span> <span class='ocrx_word' id='word_1_142' title='bbox 1817 3577 1882 3641; x_wconf 77' lang='lat'>764</span> <span class='ocrx_word' id='word_1_143' title='bbox 1904 3597 1958 3659; x_wconf 78' lang='lat' dir='ltr'>eqo</span> <span class='ocrx_word' id='word_1_144' title='bbox 1981 3575 2123 3661; x_wconf 75' lang='lat' dir='ltr'>equidem</span> <span class='ocrx_word' id='word_1_145' title='bbox 2146 3597 2187 3640; x_wconf 78' lang='lat' dir='ltr'>ex</span> <span class='ocrx_word' id='word_1_146' title='bbox 2209 3581 2238 3639; x_wconf 84' lang='lat' dir='ltr'>te</span> 
     </span>
     <span class='ocr_line' id='line_1_13' title="bbox 580 3692 2234 3777; baseline -0.002 -17"><span class='ocrx_word' id='word_1_147' title='bbox 580 3694 696 3760; x_wconf 79' lang='lat' dir='ltr'>arediui</span> <span class='ocrx_word' id='word_1_148' title='bbox 719 3701 747 3759; x_wconf 88' lang='lat' dir='ltr'>et</span> <span class='ocrx_word' id='word_1_149' title='bbox 769 3699 808 3759; x_wconf 70' lang='lat' dir='ltr'>he</span> <span class='ocrx_word' id='word_1_150' title='bbox 831 3701 887 3760; x_wconf 83' lang='lat' dir='ltr'>tuo</span> <span class='ocrx_word' id='word_1_151' title='bbox 911 3698 1017 3775; x_wconf 77' lang='lat' dir='ltr'>decept</span> <span class='ocrx_word' id='word_1_152' title='bbox 1039 3716 1147 3771; x_wconf 82' lang='lat' dir='ltr'>manu,</span> <span class='ocrx_word' id='word_1_153' title='bbox 1172 3692 1231 3777; x_wconf 86' lang='lat' dir='ltr'>Cp.</span> <span class='ocrx_word' id='word_1_154' title='bbox 1256 3695 1320 3757; x_wconf 77' lang='lat'>447</span> <span class='ocrx_word' id='word_1_155' title='bbox 1346 3696 1375 3757; x_wconf 74' lang='lat' dir='ltr'>q</span> <span class='ocrx_word' id='word_1_156' title='bbox 1399 3698 1456 3757; x_wconf 83' lang='lat' dir='ltr'>tua</span> <span class='ocrx_word' id='word_1_157' title='bbox 1478 3698 1507 3758; x_wconf 78' lang='lat' dir='ltr'>et</span> <span class='ocrx_word' id='word_1_158' title='bbox 1529 3700 1585 3759; x_wconf 83' lang='lat' dir='ltr'>lua</span> <span class='ocrx_word' id='word_1_159' title='bbox 1608 3693 1669 3758; x_wconf 72' lang='lat' dir='ltr'>hale</span> <span class='ocrx_word' id='word_1_160' title='bbox 1692 3699 1824 3758; x_wconf 73' lang='lat' dir='ltr'>ornatus</span> <span class='ocrx_word' id='word_1_161' title='bbox 1839 3692 2002 3757; x_wconf 82' lang='lat' dir='ltr'>reueniam</span> <span class='ocrx_word' id='word_1_162' title='bbox 2018 3715 2058 3757; x_wconf 74' lang='lat' dir='ltr'>ex</span> <span class='ocrx_word' id='word_1_163' title='bbox 2071 3693 2234 3768; x_wconf 75' lang='lat' dir='ltr'>sententia,</span> 
     </span>
     <span class='ocr_line' id='line_1_14' title="bbox 583 3807 2237 3894; baseline -0.001 -20"><span class='ocrx_word' id='word_1_164' title='bbox 583 3812 616 3874; x_wconf 76' lang='lat' dir='ltr'>u.</span> <span class='ocrx_word' id='word_1_165' title='bbox 642 3812 706 3875; x_wconf 69' lang='lat'>599</span> <span class='ocrx_word' id='word_1_166' title='bbox 737 3812 803 3875; x_wconf 79' lang='lat' dir='ltr'>Tuo</span> <span class='ocrx_word' id='word_1_167' title='bbox 826 3833 878 3893; x_wconf 78' lang='lat' dir='ltr'>eqo</span> <span class='ocrx_word' id='word_1_168' title='bbox 902 3815 989 3876; x_wconf 61' lang='lat' dir='ltr'>istaec</span> <span class='ocrx_word' id='word_1_169' title='bbox 1012 3810 1115 3892; x_wconf 61' lang='lat' dir='ltr'>qqitur</span> <span class='ocrx_word' id='word_1_170' title='bbox 1137 3810 1243 3876; x_wconf 84' lang='lat' dir='ltr'>dicam</span> <span class='ocrx_word' id='word_1_171' title='bbox 1266 3810 1317 3875; x_wconf 81' lang='lat' dir='ltr'>illi</span> <span class='ocrx_word' id='word_1_172' title='bbox 1334 3809 1488 3893; x_wconf 61' lang='lat' dir='ltr'>periculo,</span> <span class='ocrx_word' id='word_1_173' title='bbox 1513 3809 1549 3873; x_wconf 91' lang='lat' dir='ltr'>in</span> <span class='ocrx_word' id='word_1_174' title='bbox 1584 3808 1735 3874; x_wconf 86' lang='lat' dir='ltr'>ohiasmo</span> <span class='ocrx_word' id='word_1_175' title='bbox 1771 3808 1830 3894; x_wconf 80' lang='lat' dir='ltr'>Cp.</span> <span class='ocrx_word' id='word_1_176' title='bbox 1869 3810 1933 3873; x_wconf 72' lang='lat'>740</span> <span class='ocrx_word' id='word_1_177' title='bbox 1968 3809 2128 3873; x_wconf 72' lang='lat' dir='ltr'>Pettclum</span> <span class='ocrx_word' id='word_1_178' title='bbox 2161 3807 2237 3873; x_wconf 75' lang='lat' dir='ltr'>uite</span> 
     </span>
     <span class='ocr_line' id='line_1_15' title="bbox 580 3922 2235 4009; baseline -0.003 -17"><span class='ocrx_word' id='word_1_179' title='bbox 580 3934 654 3992; x_wconf 69' lang='lat' dir='ltr'>mee</span> <span class='ocrx_word' id='word_1_180' title='bbox 688 3936 741 3991; x_wconf 74' lang='lat' dir='ltr'>heo</span> <span class='ocrx_word' id='word_1_181' title='bbox 774 3934 836 3992; x_wconf 81' lang='lat' dir='ltr'>stat</span> <span class='ocrx_word' id='word_1_182' title='bbox 855 3928 997 4009; x_wconf 65' lang='lat' dir='ltr'>pertento</span> <span class='ocrx_word' id='word_1_183' title='bbox 1020 3926 1164 3991; x_wconf 85' lang='lat' dir='ltr'>alterum</span> <span class='ocrx_word' id='word_1_184' title='bbox 1187 3926 1256 3991; x_wconf 89' lang='lat' dir='ltr'>ictu</span> <span class='ocrx_word' id='word_1_185' title='bbox 1280 3925 1410 4005; x_wconf 87' lang='lat' dir='ltr'>feritur,</span> <span class='ocrx_word' id='word_1_186' title='bbox 1435 3926 1578 3991; x_wconf 90' lang='lat' dir='ltr'>alterum</span> <span class='ocrx_word' id='word_1_187' title='bbox 1603 3933 1693 3990; x_wconf 87' lang='lat' dir='ltr'>earet</span> <span class='ocrx_word' id='word_1_188' title='bbox 1716 3931 1777 3990; x_wconf 85' lang='lat' dir='ltr'>etc.</span> <span class='ocrx_word' id='word_1_189' title='bbox 1803 3931 1864 3990; x_wconf 86' lang='lat' dir='ltr'>etc.</span> <span class='ocrx_word' id='word_1_190' title='bbox 1913 3923 2168 3989; x_wconf 84' lang='lat' dir='ltr'>Meminerimus</span> <span class='ocrx_word' id='word_1_191' title='bbox 2200 3922 2235 3987; x_wconf 91' lang='lat' dir='ltr'>iu</span> 
     </span>
     <span class='ocr_line' id='line_1_16' title="bbox 581 4039 2237 4128; baseline -0.001 -21"><span class='ocrx_word' id='word_1_192' title='bbox 581 4050 692 4107; x_wconf 89' lang='lat' dir='ltr'>nostru</span> <span class='ocrx_word' id='word_1_193' title='bbox 719 4044 820 4128; x_wconf 67' lang='lat' dir='ltr'>poesi.</span> <span class='ocrx_word' id='word_1_194' title='bbox 846 4044 941 4108; x_wconf 89' lang='lat' dir='ltr'>cuius</span> <span class='ocrx_word' id='word_1_195' title='bbox 970 4042 1055 4108; x_wconf 86' lang='lat' dir='ltr'>ratio</span> <span class='ocrx_word' id='word_1_196' title='bbox 1091 4049 1161 4108; x_wconf 80' lang='lat' dir='ltr'>tota</span> <span class='ocrx_word' id='word_1_197' title='bbox 1195 4064 1235 4108; x_wconf 88' lang='lat' dir='ltr'>ex</span> <span class='ocrx_word' id='word_1_198' title='bbox 1271 4048 1413 4107; x_wconf 86' lang='lat' dir='ltr'>accentu</span> <span class='ocrx_word' id='word_1_199' title='bbox 1447 4042 1582 4127; x_wconf 80' lang='lat' dir='ltr'>pendet,</span> <span class='ocrx_word' id='word_1_200' title='bbox 1620 4041 1724 4106; x_wconf 90' lang='lat' dir='ltr'>uerba</span> <span class='ocrx_word' id='word_1_201' title='bbox 1759 4041 1793 4106; x_wconf 94' lang='lat' dir='ltr'>ui</span> <span class='ocrx_word' id='word_1_202' title='bbox 1830 4039 1991 4126; x_wconf 83' lang='lat' dir='ltr'>peculiari</span> <span class='ocrx_word' id='word_1_203' title='bbox 2026 4040 2113 4105; x_wconf 88' lang='lat' dir='ltr'>elata</span> <span class='ocrx_word' id='word_1_204' title='bbox 2147 4061 2237 4124; x_wconf 83' lang='lat' dir='ltr'>saepe</span> 
     </span>
     <span class='ocr_line' id='line_1_17' title="bbox 581 4155 2236 4244; baseline -0.002 -20"><span class='ocrx_word' id='word_1_205' title='bbox 581 4160 682 4224; x_wconf 87' lang='lat' dir='ltr'>ictum</span> <span class='ocrx_word' id='word_1_206' title='bbox 709 4181 776 4224; x_wconf 91' lang='lat' dir='ltr'>nou</span> <span class='ocrx_word' id='word_1_207' title='bbox 802 4159 936 4237; x_wconf 85' lang='lat' dir='ltr'>hahere,</span> <span class='ocrx_word' id='word_1_208' title='bbox 960 4167 1078 4224; x_wconf 81' lang='lat' dir='ltr'>contre</span> <span class='ocrx_word' id='word_1_209' title='bbox 1101 4180 1141 4224; x_wconf 80' lang='lat' dir='ltr'>ea</span> <span class='ocrx_word' id='word_1_210' title='bbox 1163 4180 1241 4224; x_wconf 89' lang='lat' dir='ltr'>eum</span> <span class='ocrx_word' id='word_1_211' title='bbox 1267 4158 1424 4244; x_wconf 87' lang='lat' dir='ltr'>recipere,</span> <span class='ocrx_word' id='word_1_212' title='bbox 1450 4178 1527 4243; x_wconf 84' lang='lat' dir='ltr'>quae</span> <span class='ocrx_word' id='word_1_213' title='bbox 1551 4158 1604 4223; x_wconf 88' lang='lat' dir='ltr'>uis</span> <span class='ocrx_word' id='word_1_214' title='bbox 1628 4158 1802 4223; x_wconf 83' lang='lat' dir='ltr'>seutentiae</span> <span class='ocrx_word' id='word_1_215' title='bbox 1827 4156 1939 4222; x_wconf 90' lang='lat' dir='ltr'>minus</span> <span class='ocrx_word' id='word_1_216' title='bbox 1963 4156 2118 4234; x_wconf 82' lang='lat' dir='ltr'>intendit,</span> <span class='ocrx_word' id='word_1_217' title='bbox 2139 4163 2178 4221; x_wconf 93' lang='lat' dir='ltr'>ut</span> <span class='ocrx_word' id='word_1_218' title='bbox 2201 4155 2236 4220; x_wconf 93' lang='lat' dir='ltr'>iu</span> 
     </span>
    </p>
   </div>
   <div class='ocr_carea' id='block_1_3' title="bbox 581 4275 1717 4433">
    <p class='ocr_par' dir='ltr' id='par_1_4' title="bbox 581 4275 1717 4433">
     <span class='ocr_line' id='line_1_18' title="bbox 581 4275 774 4341; baseline 0.01 -2"><span class='ocrx_word' id='word_1_219' title='bbox 581 4297 680 4341; x_wconf 88' lang='lat' dir='ltr'>uersu</span> <span class='ocrx_word' id='word_1_220' title='bbox 704 4275 774 4341; x_wconf 91' lang='lat' dir='ltr'>illo:</span> 
     </span>
     <span class='ocr_line' id='line_1_19' title="bbox 1114 4363 1717 4433; baseline -0.002 -15"><span class='ocrx_word' id='word_1_221' title='bbox 1114 4367 1164 4418; x_wconf 84' lang='lat' dir='ltr'>Att</span> <span class='ocrx_word' id='word_1_222' title='bbox 1182 4367 1235 4419; x_wconf 76' lang='lat' dir='ltr'>har</span> <span class='ocrx_word' id='word_1_223' title='bbox 1253 4366 1291 4418; x_wconf 80' lang='lat' dir='ltr'>du</span> <span class='ocrx_word' id='word_1_224' title='bbox 1310 4367 1402 4427; x_wconf 84' lang='lat' dir='ltr'>sitter,</span> <span class='ocrx_word' id='word_1_225' title='bbox 1420 4369 1464 4419; x_wconf 85' lang='lat' dir='ltr'>att</span> <span class='ocrx_word' id='word_1_226' title='bbox 1476 4363 1528 4433; x_wconf 79' lang='lat' dir='ltr'>jaq</span> <span class='ocrx_word' id='word_1_227' title='bbox 1546 4365 1642 4418; x_wconf 79' lang='lat' dir='ltr'>helser</span> <span class='ocrx_word' id='word_1_228' title='bbox 1660 4364 1717 4430; x_wconf 83' lang='lat' dir='ltr'>dig.</span> 
     </span>
    </p>
   </div>
   <div class='ocr_carea' id='block_1_4' title="bbox 580 4460 2238 5946">
    <p class='ocr_par' dir='ltr' id='par_1_5' title="bbox 580 4460 2238 5245">
     <span class='ocr_line' id='line_1_20' title="bbox 581 4460 2236 4548; baseline -0.001 -21"><span class='ocrx_word' id='word_1_229' title='bbox 581 4467 693 4541; x_wconf 70' lang='lat' dir='ltr'>Quare</span> <span class='ocrx_word' id='word_1_230' title='bbox 717 4463 807 4529; x_wconf 90' lang='lat' dir='ltr'>idem</span> <span class='ocrx_word' id='word_1_231' title='bbox 832 4463 866 4528; x_wconf 91' lang='lat' dir='ltr'>in</span> <span class='ocrx_word' id='word_1_232' title='bbox 891 4462 1008 4548; x_wconf 82' lang='lat' dir='ltr'>lingua</span> <span class='ocrx_word' id='word_1_233' title='bbox 1032 4463 1145 4540; x_wconf 88' lang='lat' dir='ltr'>latina,</span> <span class='ocrx_word' id='word_1_234' title='bbox 1171 4485 1246 4546; x_wconf 82' lang='lat' dir='ltr'>quae</span> <span class='ocrx_word' id='word_1_235' title='bbox 1269 4464 1370 4529; x_wconf 83' lang='lat' dir='ltr'>etiam</span> <span class='ocrx_word' id='word_1_236' title='bbox 1395 4462 1620 4548; x_wconf 85' lang='lat' dir='ltr'>quantitatem</span> <span class='ocrx_word' id='word_1_237' title='bbox 1645 4460 1850 4546; x_wconf 85' lang='lat' dir='ltr'>syllabarum</span> <span class='ocrx_word' id='word_1_238' title='bbox 1874 4461 2018 4546; x_wconf 85' lang='lat' dir='ltr'>respicit,</span> <span class='ocrx_word' id='word_1_239' title='bbox 2045 4460 2236 4525; x_wconf 74' lang='lat' dir='ltr'>nonlicet?</span> 
     </span>
     <span class='ocr_line' id='line_1_21' title="bbox 581 4576 2238 4665; baseline -0.002 -21"><span class='ocrx_word' id='word_1_240' title='bbox 581 4581 684 4645; x_wconf 89' lang='lat' dir='ltr'>Porro</span> <span class='ocrx_word' id='word_1_241' title='bbox 709 4590 814 4665; x_wconf 78' lang='lat' dir='ltr'>pron..</span> <span class='ocrx_word' id='word_1_242' title='bbox 829 4579 918 4665; x_wconf 91' lang='lat' dir='ltr'>quod</span> <span class='ocrx_word' id='word_1_243' title='bbox 945 4580 978 4645; x_wconf 95' lang='lat' dir='ltr'>ui</span> <span class='ocrx_word' id='word_1_244' title='bbox 1003 4586 1094 4645; x_wconf 84' lang='lat' dir='ltr'>caret</span> <span class='ocrx_word' id='word_1_245' title='bbox 1116 4586 1176 4645; x_wconf 86' lang='lat' dir='ltr'>aut</span> <span class='ocrx_word' id='word_1_246' title='bbox 1198 4600 1490 4665; x_wconf 88' lang='lat' dir='ltr'>superuacaneum</span> <span class='ocrx_word' id='word_1_247' title='bbox 1514 4586 1574 4656; x_wconf 88' lang='lat' dir='ltr'>est,</span> <span class='ocrx_word' id='word_1_248' title='bbox 1599 4598 1688 4663; x_wconf 83' lang='lat' dir='ltr'>saepe</span> <span class='ocrx_word' id='word_1_249' title='bbox 1712 4577 1816 4642; x_wconf 91' lang='lat' dir='ltr'>ictum</span> <span class='ocrx_word' id='word_1_250' title='bbox 1841 4576 1944 4642; x_wconf 89' lang='lat' dir='ltr'>habet</span> <span class='ocrx_word' id='word_1_251' title='bbox 1963 4598 2014 4643; x_wconf 87' lang='lat' dir='ltr'>ex.</span> <span class='ocrx_word' id='word_1_252' title='bbox 2039 4598 2066 4641; x_wconf 86' lang='lat' dir='ltr'>o.</span> <span class='ocrx_word' id='word_1_253' title='bbox 2092 4577 2168 4641; x_wconf 89' lang='lat' dir='ltr'>Am.</span> <span class='ocrx_word' id='word_1_254' title='bbox 2194 4577 2238 4641; x_wconf 89' lang='lat'>30</span> 
     </span>
     <span class='ocr_line' id='line_1_22' title="bbox 581 4692 2238 4782; baseline -0.003 -21"><span class='ocrx_word' id='word_1_255' title='bbox 581 4719 630 4781; x_wconf 85' lang='lat' dir='ltr'>sq.</span> <span class='ocrx_word' id='word_1_256' title='bbox 658 4698 746 4762; x_wconf 84' lang='lat' dir='ltr'>Iouis</span> <span class='ocrx_word' id='word_1_257' title='bbox 779 4720 849 4762; x_wconf 84' lang='lat' dir='ltr'>sum</span> <span class='ocrx_word' id='word_1_258' title='bbox 877 4698 980 4782; x_wconf 77' lang='lat' dir='ltr'>filius,</span> <span class='ocrx_word' id='word_1_259' title='bbox 1009 4696 1204 4780; x_wconf 77' lang='lat' dir='ltr'>Conlhqione</span> <span class='ocrx_word' id='word_1_260' title='bbox 1238 4695 1298 4760; x_wconf 66' lang='lat' dir='ltr'>uehi</span> <span class='ocrx_word' id='word_1_261' title='bbox 1327 4696 1438 4777; x_wconf 78' lang='lat' dir='ltr'>patris</span> <span class='ocrx_word' id='word_1_262' title='bbox 1471 4699 1572 4759; x_wconf 80' lang='lat' dir='ltr'>metuo</span> <span class='ocrx_word' id='word_1_263' title='bbox 1607 4695 1736 4770; x_wconf 71' lang='lat' dir='ltr'>malurn,</span> <span class='ocrx_word' id='word_1_264' title='bbox 1773 4693 1809 4757; x_wconf 87' lang='lat' dir='ltr'>B.</span> <span class='ocrx_word' id='word_1_265' title='bbox 1849 4693 1935 4757; x_wconf 77' lang='lat'>1105</span> <span class='ocrx_word' id='word_1_266' title='bbox 1973 4693 2084 4775; x_wconf 61' lang='lat' dir='ltr'>Eume,</span> <span class='ocrx_word' id='word_1_267' title='bbox 2119 4692 2238 4758; x_wconf 81' lang='lat' dir='ltr'>socium</span> 
     </span>
     <span class='ocr_line' id='line_1_23' title="bbox 580 4810 2235 4897; baseline -0.002 -20"><span class='ocrx_word' id='word_1_268' title='bbox 580 4820 729 4878; x_wconf 64' lang='lat' dir='ltr'>‹erumna›</span> <span class='ocrx_word' id='word_1_269' title='bbox 753 4818 784 4878; x_wconf 86' lang='lat' dir='ltr'>et</span> <span class='ocrx_word' id='word_1_270' title='bbox 806 4814 867 4878; x_wconf 85' lang='lat' dir='ltr'>mei</span> <span class='ocrx_word' id='word_1_271' title='bbox 890 4815 971 4879; x_wconf 83' lang='lat' dir='ltr'>moli</span> <span class='ocrx_word' id='word_1_272' title='bbox 993 4815 1095 4890; x_wconf 78' lang='lat' dir='ltr'>uideo,</span> <span class='ocrx_word' id='word_1_273' title='bbox 1121 4812 1187 4897; x_wconf 90' lang='lat' dir='ltr'>Mg.</span> <span class='ocrx_word' id='word_1_274' title='bbox 1216 4812 1278 4876; x_wconf 80' lang='lat'>135</span> <span class='ocrx_word' id='word_1_275' title='bbox 1302 4811 1479 4877; x_wconf 78' lang='lat' dir='ltr'>decortitur</span> <span class='ocrx_word' id='word_1_276' title='bbox 1502 4810 1601 4893; x_wconf 81' lang='lat' dir='ltr'>Apud</span> <span class='ocrx_word' id='word_1_277' title='bbox 1622 4816 1709 4876; x_wconf 80' lang='lat' dir='ltr'>ntem</span> <span class='ocrx_word' id='word_1_278' title='bbox 1728 4816 1901 4892; x_wconf 79' lang='lat' dir='ltr'>paternum</span> <span class='ocrx_word' id='word_1_279' title='bbox 1916 4810 2069 4891; x_wconf 72' lang='lat' dir='ltr'>hospitem</span> <span class='ocrx_word' id='word_1_280' title='bbox 2085 4814 2145 4873; x_wconf 89' lang='lat' dir='ltr'>etc.</span> <span class='ocrx_word' id='word_1_281' title='bbox 2164 4815 2235 4885; x_wconf 78' lang='lat' dir='ltr'>etc,</span> 
     </span>
     <span class='ocr_line' id='line_1_24' title="bbox 580 4923 2237 5013; baseline -0.002 -21"><span class='ocrx_word' id='word_1_282' title='bbox 580 4950 725 5013; x_wconf 80' lang='lat' dir='ltr'>sequeus</span> <span class='ocrx_word' id='word_1_283' title='bbox 749 4951 799 4994; x_wconf 88' lang='lat' dir='ltr'>ex.</span> <span class='ocrx_word' id='word_1_284' title='bbox 825 4949 852 4994; x_wconf 91' lang='lat' dir='ltr'>c.</span> <span class='ocrx_word' id='word_1_285' title='bbox 878 4931 954 4995; x_wconf 87' lang='lat' dir='ltr'>Am.</span> <span class='ocrx_word' id='word_1_286' title='bbox 980 4931 1045 4995; x_wconf 74' lang='lat'>305</span> <span class='ocrx_word' id='word_1_287' title='bbox 1068 4930 1120 4994; x_wconf 71' lang='lat' dir='ltr'>Ne</span> <span class='ocrx_word' id='word_1_288' title='bbox 1143 4951 1196 5012; x_wconf 79' lang='lat' dir='ltr'>eqo</span> <span class='ocrx_word' id='word_1_289' title='bbox 1220 4928 1271 4994; x_wconf 83' lang='lat' dir='ltr'>hic</span> <span class='ocrx_word' id='word_1_290' title='bbox 1293 4950 1406 4994; x_wconf 82' lang='lat' dir='ltr'>nomen</span> <span class='ocrx_word' id='word_1_291' title='bbox 1428 4932 1530 4992; x_wconf 75' lang='lat' dir='ltr'>meum</span> <span class='ocrx_word' id='word_1_292' title='bbox 1554 4932 1732 4993; x_wconf 69' lang='lat' dir='ltr'>connectam</span> <span class='ocrx_word' id='word_1_293' title='bbox 1765 4932 1827 4990; x_wconf 89' lang='lat' dir='ltr'>etc.</span> <span class='ocrx_word' id='word_1_294' title='bbox 1864 4933 1925 4992; x_wconf 86' lang='lat' dir='ltr'>eto.</span> <span class='ocrx_word' id='word_1_295' title='bbox 1972 4923 2079 4989; x_wconf 89' lang='lat' dir='ltr'>Aliter</span> <span class='ocrx_word' id='word_1_296' title='bbox 2112 4945 2166 4989; x_wconf 89' lang='lat' dir='ltr'>res</span> <span class='ocrx_word' id='word_1_297' title='bbox 2201 4946 2237 4989; x_wconf 88' lang='lat' dir='ltr'>se</span> 
     </span>
     <span class='ocr_line' id='line_1_25' title="bbox 581 5041 2237 5131; baseline -0.001 -22"><span class='ocrx_word' id='word_1_298' title='bbox 581 5045 691 5120; x_wconf 86' lang='lat' dir='ltr'>hahet,</span> <span class='ocrx_word' id='word_1_299' title='bbox 716 5067 792 5110; x_wconf 90' lang='lat' dir='ltr'>cum</span> <span class='ocrx_word' id='word_1_300' title='bbox 818 5067 913 5131; x_wconf 91' lang='lat' dir='ltr'>pron.</span> <span class='ocrx_word' id='word_1_301' title='bbox 938 5046 1043 5111; x_wconf 86' lang='lat' dir='ltr'>ictum</span> <span class='ocrx_word' id='word_1_302' title='bbox 1066 5046 1102 5110; x_wconf 92' lang='lat' dir='ltr'>in</span> <span class='ocrx_word' id='word_1_303' title='bbox 1127 5044 1248 5110; x_wconf 89' lang='lat' dir='ltr'>ultima</span> <span class='ocrx_word' id='word_1_304' title='bbox 1272 5044 1381 5122; x_wconf 83' lang='lat' dir='ltr'>hebet,</span> <span class='ocrx_word' id='word_1_305' title='bbox 1419 5041 1510 5129; x_wconf 92' lang='lat' dir='ltr'>quod</span> <span class='ocrx_word' id='word_1_306' title='bbox 1541 5064 1691 5129; x_wconf 85' lang='lat' dir='ltr'>perseepe</span> <span class='ocrx_word' id='word_1_307' title='bbox 1725 5041 1856 5118; x_wconf 89' lang='lat' dir='ltr'>accidit,</span> <span class='ocrx_word' id='word_1_308' title='bbox 1893 5041 2056 5128; x_wconf 85' lang='lat' dir='ltr'>quoniam</span> <span class='ocrx_word' id='word_1_309' title='bbox 2091 5062 2237 5126; x_wconf 87' lang='lat' dir='ltr'>sequens</span> 
     </span>
     <span class='ocr_line' id='line_1_26' title="bbox 581 5160 1379 5245; baseline 0 -21"><span class='ocrx_word' id='word_1_310' title='bbox 581 5162 614 5225; x_wconf 91' lang='lat' dir='ltr'>in</span> <span class='ocrx_word' id='word_1_311' title='bbox 641 5182 758 5225; x_wconf 89' lang='lat' dir='ltr'>uersus</span> <span class='ocrx_word' id='word_1_312' title='bbox 782 5161 875 5226; x_wconf 88' lang='lat' dir='ltr'>exitu</span> <span class='ocrx_word' id='word_1_313' title='bbox 898 5161 1044 5226; x_wconf 90' lang='lat' dir='ltr'>iambico</span> <span class='ocrx_word' id='word_1_314' title='bbox 1069 5160 1255 5245; x_wconf 72' lang='lat' dir='ltr'>saepissime</span> <span class='ocrx_word' id='word_1_315' title='bbox 1279 5166 1379 5226; x_wconf 83' lang='lat' dir='ltr'>extet.</span> 
     </span>
    </p>

    <p class='ocr_par' dir='ltr' id='par_1_6' title="bbox 581 5272 2238 5946">
     <span class='ocr_line' id='line_1_27' title="bbox 687 5272 2237 5362; baseline -0.002 -22"><span class='ocrx_word' id='word_1_316' title='bbox 687 5276 859 5362; x_wconf 87' lang='lat' dir='ltr'>Principia</span> <span class='ocrx_word' id='word_1_317' title='bbox 882 5276 983 5343; x_wconf 92' lang='lat' dir='ltr'>huius</span> <span class='ocrx_word' id='word_1_318' title='bbox 1007 5276 1300 5343; x_wconf 84' lang='lat' dir='ltr'>commentationis</span> <span class='ocrx_word' id='word_1_319' title='bbox 1324 5277 1416 5341; x_wconf 86' lang='lat' dir='ltr'>facte</span> <span class='ocrx_word' id='word_1_320' title='bbox 1439 5281 1519 5357; x_wconf 87' lang='lat' dir='ltr'>sunt</span> <span class='ocrx_word' id='word_1_321' title='bbox 1542 5275 1577 5340; x_wconf 92' lang='lat' dir='ltr'>iu</span> <span class='ocrx_word' id='word_1_322' title='bbox 1601 5275 1782 5340; x_wconf 82' lang='lat' dir='ltr'>seminario</span> <span class='ocrx_word' id='word_1_323' title='bbox 1815 5274 1919 5340; x_wconf 81' lang='lat' dir='ltr'>latino</span> <span class='ocrx_word' id='word_1_324' title='bbox 1958 5272 2142 5348; x_wconf 88' lang='lat' dir='ltr'>Lundensi,</span> <span class='ocrx_word' id='word_1_325' title='bbox 2179 5273 2237 5338; x_wconf 95' lang='lat' dir='ltr'>ubi</span> 
     </span>
     <span class='ocr_line' id='line_1_28' title="bbox 581 5389 2237 5482; baseline -0.001 -25"><span class='ocrx_word' id='word_1_326' title='bbox 581 5393 781 5458; x_wconf 80' lang='lat' dir='ltr'>adhortante</span> <span class='ocrx_word' id='word_1_327' title='bbox 805 5393 949 5459; x_wconf 70' lang='lat' dir='ltr'>Oneouo</span> <span class='ocrx_word' id='word_1_328' title='bbox 974 5394 1121 5458; x_wconf 80' lang='lat' dir='ltr'>Znuurrn</span> <span class='ocrx_word' id='word_1_329' title='bbox 1145 5391 1408 5479; x_wconf 76' lang='lat' dir='ltr'>preceptorem</span> <span class='ocrx_word' id='word_1_330' title='bbox 1433 5391 1495 5457; x_wconf 86' lang='lat' dir='ltr'>has</span> <span class='ocrx_word' id='word_1_331' title='bbox 1518 5413 1572 5457; x_wconf 89' lang='lat' dir='ltr'>res</span> <span class='ocrx_word' id='word_1_332' title='bbox 1595 5392 1766 5476; x_wconf 89' lang='lat' dir='ltr'>inquirere</span> <span class='ocrx_word' id='word_1_333' title='bbox 1789 5391 1885 5477; x_wconf 88' lang='lat' dir='ltr'>ooepi,</span> <span class='ocrx_word' id='word_1_334' title='bbox 1910 5392 1965 5456; x_wconf 91' lang='lat' dir='ltr'>cui</span> <span class='ocrx_word' id='word_1_335' title='bbox 1990 5391 2149 5456; x_wconf 88' lang='lat' dir='ltr'>hocloco</span> <span class='ocrx_word' id='word_1_336' title='bbox 2185 5389 2237 5482; x_wconf 87' lang='lat' dir='ltr'>‹le-</span> 
     </span>
     <span class='ocr_line' id='line_1_29' title="bbox 582 5506 2238 5594; baseline -0.001 -22"><span class='ocrx_word' id='word_1_337' title='bbox 582 5510 667 5574; x_wconf 84' lang='lat' dir='ltr'>bites</span> <span class='ocrx_word' id='word_1_338' title='bbox 691 5509 816 5594; x_wconf 83' lang='lat' dir='ltr'>gratias</span> <span class='ocrx_word' id='word_1_339' title='bbox 839 5532 913 5594; x_wconf 90' lang='lat' dir='ltr'>ago.</span> <span class='ocrx_word' id='word_1_340' title='bbox 961 5509 1082 5575; x_wconf 81' lang='lat' dir='ltr'>Postea</span> <span class='ocrx_word' id='word_1_341' title='bbox 1105 5518 1137 5575; x_wconf 89' lang='lat' dir='ltr'>et</span> <span class='ocrx_word' id='word_1_342' title='bbox 1162 5509 1246 5574; x_wconf 88' lang='lat' dir='ltr'>lines</span> <span class='ocrx_word' id='word_1_343' title='bbox 1270 5507 1518 5594; x_wconf 90' lang='lat' dir='ltr'>disquisitionis</span> <span class='ocrx_word' id='word_1_344' title='bbox 1542 5507 1677 5594; x_wconf 86' lang='lat' dir='ltr'>protuli,</span> <span class='ocrx_word' id='word_1_345' title='bbox 1702 5514 1740 5573; x_wconf 91' lang='lat' dir='ltr'>ut</span> <span class='ocrx_word' id='word_1_346' title='bbox 1763 5530 1832 5574; x_wconf 88' lang='lat' dir='ltr'>rem</span> <span class='ocrx_word' id='word_1_347' title='bbox 1859 5527 1962 5592; x_wconf 86' lang='lat' dir='ltr'>quam</span> <span class='ocrx_word' id='word_1_348' title='bbox 1980 5506 2238 5593; x_wconf 88' lang='lat' dir='ltr'>diligentissime</span> 
     </span>
     <span class='ocr_line' id='line_1_30' title="bbox 581 5621 2237 5711; baseline -0.002 -21"><span class='ocrx_word' id='word_1_349' title='bbox 581 5627 802 5710; x_wconf 85' lang='lat' dir='ltr'>exquirerem,</span> <span class='ocrx_word' id='word_1_350' title='bbox 828 5634 862 5692; x_wconf 89' lang='lat' dir='ltr'>et</span> <span class='ocrx_word' id='word_1_351' title='bbox 884 5648 1000 5692; x_wconf 89' lang='lat' dir='ltr'>eruere</span> <span class='ocrx_word' id='word_1_352' title='bbox 1024 5625 1149 5703; x_wconf 86' lang='lat' dir='ltr'>studui,</span> <span class='ocrx_word' id='word_1_353' title='bbox 1175 5624 1345 5711; x_wconf 90' lang='lat' dir='ltr'>quomodo</span> <span class='ocrx_word' id='word_1_354' title='bbox 1369 5624 1470 5709; x_wconf 89' lang='lat' dir='ltr'>leges,</span> <span class='ocrx_word' id='word_1_355' title='bbox 1495 5645 1580 5709; x_wconf 84' lang='lat' dir='ltr'>ques</span> <span class='ocrx_word' id='word_1_356' title='bbox 1604 5626 1757 5710; x_wconf 86' lang='lat' dir='ltr'>sequitur</span> <span class='ocrx_word' id='word_1_357' title='bbox 1779 5625 1896 5709; x_wconf 87' lang='lat' dir='ltr'>lingua</span> <span class='ocrx_word' id='word_1_358' title='bbox 1931 5624 2046 5702; x_wconf 86' lang='lat' dir='ltr'>latina,</span> <span class='ocrx_word' id='word_1_359' title='bbox 2081 5644 2161 5688; x_wconf 90' lang='lat' dir='ltr'>oum</span> <span class='ocrx_word' id='word_1_360' title='bbox 2195 5621 2237 5688; x_wconf 91' lang='lat' dir='ltr'>iis</span> 
     </span>
     <span class='ocr_line' id='line_1_31' title="bbox 582 5737 2238 5828; baseline -0.001 -23"><span class='ocrx_word' id='word_1_361' title='bbox 582 5743 796 5819; x_wconf 79' lang='lat' dir='ltr'>cohaererent,</span> <span class='ocrx_word' id='word_1_362' title='bbox 822 5764 907 5828; x_wconf 90' lang='lat' dir='ltr'>quas</span> <span class='ocrx_word' id='word_1_363' title='bbox 931 5743 1083 5828; x_wconf 89' lang='lat' dir='ltr'>linguam</span> <span class='ocrx_word' id='word_1_364' title='bbox 1108 5742 1346 5827; x_wconf 86' lang='lat' dir='ltr'>primigeniam</span> <span class='ocrx_word' id='word_1_365' title='bbox 1371 5740 1530 5806; x_wconf 80' lang='lat' dir='ltr'>habuisse</span> <span class='ocrx_word' id='word_1_366' title='bbox 1553 5741 1738 5807; x_wconf 91' lang='lat' dir='ltr'>uerisimile</span> <span class='ocrx_word' id='word_1_367' title='bbox 1761 5748 1821 5807; x_wconf 86' lang='lat' dir='ltr'>est.</span> <span class='ocrx_word' id='word_1_368' title='bbox 1870 5739 1947 5816; x_wconf 78' lang='lat' dir='ltr'>Qua</span> <span class='ocrx_word' id='word_1_369' title='bbox 1977 5740 2013 5806; x_wconf 91' lang='lat' dir='ltr'>in</span> <span class='ocrx_word' id='word_1_370' title='bbox 2047 5762 2083 5806; x_wconf 90' lang='lat' dir='ltr'>re</span> <span class='ocrx_word' id='word_1_371' title='bbox 2119 5737 2238 5804; x_wconf 89' lang='lat' dir='ltr'>dialec-</span> 
     </span>
     <span class='ocr_line' id='line_1_32' title="bbox 582 5857 1607 5946; baseline 0 -23"><span class='ocrx_word' id='word_1_372' title='bbox 582 5869 632 5924; x_wconf 87' lang='lat' dir='ltr'>tos</span> <span class='ocrx_word' id='word_1_373' title='bbox 656 5880 792 5946; x_wconf 89' lang='lat' dir='ltr'>quoque</span> <span class='ocrx_word' id='word_1_374' title='bbox 816 5860 944 5926; x_wconf 77' lang='lat' dir='ltr'>italicas</span> <span class='ocrx_word' id='word_1_375' title='bbox 967 5859 1128 5926; x_wconf 87' lang='lat' dir='ltr'>adhibere</span> <span class='ocrx_word' id='word_1_376' title='bbox 1152 5857 1243 5929; x_wconf 90' lang='lat' dir='ltr'>haud</span> <span class='ocrx_word' id='word_1_377' title='bbox 1267 5857 1387 5924; x_wconf 87' lang='lat' dir='ltr'>inutile</span> <span class='ocrx_word' id='word_1_378' title='bbox 1411 5857 1525 5922; x_wconf 91' lang='lat' dir='ltr'>uisum</span> <span class='ocrx_word' id='word_1_379' title='bbox 1549 5863 1607 5923; x_wconf 87' lang='lat' dir='ltr'>est.</span> 
     </span>
    </p>
   </div>
   <div class='ocr_carea' id='block_1_5' title="bbox 0 0 2835 7316">
    <p class='ocr_par' dir='ltr' id='par_1_7' title="bbox 0 0 2835 7316">
     <span class='ocr_line' id='line_1_33' title="bbox 0 0 2835 7316; baseline 0 0"><span class='ocrx_word' id='word_1_380' title='bbox 0 0 2835 7316; x_wconf 95' lang='lat' dir='ltr'> </span> 
     </span>
    </p>
   </div>
  </div>
 </body>
</html>
