<?xml version="1.0" encoding="UTF-8"?>
<!DOCTYPE html PUBLIC "-//W3C//DTD XHTML 1.0 Transitional//EN"
    "http://www.w3.org/TR/xhtml1/DTD/xhtml1-transitional.dtd">
<html xmlns="http://www.w3.org/1999/xhtml" xml:lang="en" lang="en">
 <head>
  <title>
</title>
<meta http-equiv="Content-Type" content="text/html;charset=utf-8" />
  <meta name='ocr-system' content='tesseract 3.04.00' />
  <meta name='ocr-capabilities' content='ocr_page ocr_carea ocr_par ocr_line ocrx_word'/>
</head>
<body>
  <div class='ocr_page' id='page_1' title='image "./qvomodopronomin00nilsgoog_0052.png"; bbox 0 0 5650 7325; ppageno 0'>
   <div class='ocr_carea' id='block_1_1' title="bbox 914 969 1895 1042">
    <p class='ocr_par' dir='ltr' id='par_1_1' title="bbox 914 969 1895 1042">
     <span class='ocr_line' id='line_1_1' title="bbox 914 969 1895 1042; baseline 0.01 -10"><span class='ocrx_word' id='word_1_1' title='bbox 914 969 958 1032; x_wconf 81' lang='grc'>46</span> <span class='ocrx_word' id='word_1_2' title='bbox 1591 986 1697 1038; x_wconf 74' lang='lat' dir='ltr'>amin</span> <span class='ocrx_word' id='word_1_3' title='bbox 1717 987 1747 1040; x_wconf 81' lang='lat' dir='ltr'>r.</span> <span class='ocrx_word' id='word_1_4' title='bbox 1768 987 1895 1042; x_wconf 62' lang='lat' dir='ltr'>sarasan.</span> 
     </span>
    </p>
   </div>
   <div class='ocr_carea' id='block_1_2' title="bbox 906 1144 2585 4127">
    <p class='ocr_par' dir='ltr' id='par_1_2' title="bbox 908 1144 2585 3315">
     <span class='ocr_line' id='line_1_2' title="bbox 914 1144 2585 1230; baseline 0 -19"><span class='ocrx_word' id='word_1_5' title='bbox 914 1145 1074 1230; x_wconf 76' lang='lat' dir='ltr'>loquendi</span> <span class='ocrx_word' id='word_1_6' title='bbox 1099 1145 1143 1209; x_wconf 87' lang='lat' dir='ltr'>ad</span> <span class='ocrx_word' id='word_1_7' title='bbox 1166 1144 1369 1209; x_wconf 84' lang='lat' dir='ltr'>sententiam</span> <span class='ocrx_word' id='word_1_8' title='bbox 1396 1144 1486 1208; x_wconf 90' lang='lat' dir='ltr'>idem</span> <span class='ocrx_word' id='word_1_9' title='bbox 1511 1146 1625 1209; x_wconf 90' lang='lat' dir='ltr'>ualere</span> <span class='ocrx_word' id='word_1_10' title='bbox 1648 1145 1763 1211; x_wconf 85' lang='lat' dir='ltr'>credit.</span> <span class='ocrx_word' id='word_1_11' title='bbox 1811 1146 1897 1209; x_wconf 72' lang='lat' dir='ltr'>Cum</span> <span class='ocrx_word' id='word_1_12' title='bbox 1922 1160 2037 1210; x_wconf 90' lang='lat' dir='ltr'>autem</span> <span class='ocrx_word' id='word_1_13' title='bbox 2064 1146 2162 1210; x_wconf 80' lang='lat' dir='ltr'>Baca</span> <span class='ocrx_word' id='word_1_14' title='bbox 2186 1146 2390 1213; x_wconf 85' lang='lat' dir='ltr'>sententiam</span> <span class='ocrx_word' id='word_1_15' title='bbox 2415 1168 2516 1211; x_wconf 83' lang='lat' dir='ltr'>suam</span> <span class='ocrx_word' id='word_1_16' title='bbox 2539 1145 2585 1211; x_wconf 92' lang='lat' dir='ltr'>de</span> 
     </span>
     <span class='ocr_line' id='line_1_3' title="bbox 915 1259 2584 1347; baseline 0 -21"><span class='ocrx_word' id='word_1_17' title='bbox 915 1263 948 1326; x_wconf 91' lang='lat' dir='ltr'>ui</span> <span class='ocrx_word' id='word_1_18' title='bbox 974 1261 1184 1347; x_wconf 78' lang='lat' dir='ltr'>pronominis</span> <span class='ocrx_word' id='word_1_19' title='bbox 1209 1282 1277 1324; x_wconf 88' lang='lat' dir='ltr'>non</span> <span class='ocrx_word' id='word_1_20' title='bbox 1301 1259 1417 1324; x_wconf 80' lang='lat' dir='ltr'>dedita</span> <span class='ocrx_word' id='word_1_21' title='bbox 1439 1280 1542 1344; x_wconf 89' lang='lat' dir='ltr'>opera</span> <span class='ocrx_word' id='word_1_22' title='bbox 1565 1261 1734 1343; x_wconf 88' lang='lat' dir='ltr'>aperuerit</span> <span class='ocrx_word' id='word_1_23' title='bbox 1758 1276 1791 1325; x_wconf 86' lang='lat' dir='ltr'>et</span> <span class='ocrx_word' id='word_1_24' title='bbox 1816 1283 1887 1326; x_wconf 89' lang='lat' dir='ltr'>rem</span> <span class='ocrx_word' id='word_1_25' title='bbox 1912 1261 2031 1327; x_wconf 89' lang='lat' dir='ltr'>leuiter</span> <span class='ocrx_word' id='word_1_26' title='bbox 2065 1272 2199 1326; x_wconf 86' lang='lat' dir='ltr'>tantum</span> <span class='ocrx_word' id='word_1_27' title='bbox 2235 1263 2394 1347; x_wconf 82' lang='lat' dir='ltr'>attigerit.</span> <span class='ocrx_word' id='word_1_28' title='bbox 2418 1261 2584 1326; x_wconf 88' lang='lat' dir='ltr'>omnibus</span> 
     </span>
     <span class='ocr_line' id='line_1_4' title="bbox 913 1362 2583 1462; baseline 0.001 -21"><span class='ocrx_word' id='word_1_29' title='bbox 913 1376 995 1442; x_wconf 87' lang='lat' dir='ltr'>locis</span> <span class='ocrx_word' id='word_1_30' title='bbox 1019 1398 1096 1441; x_wconf 88' lang='lat' dir='ltr'>eum</span> <span class='ocrx_word' id='word_1_31' title='bbox 1122 1378 1193 1440; x_wconf 92' lang='lat' dir='ltr'>uim</span> <span class='ocrx_word' id='word_1_32' title='bbox 1218 1376 1430 1461; x_wconf 84' lang='lat' dir='ltr'>pronominis</span> <span class='ocrx_word' id='word_1_33' title='bbox 1455 1396 1578 1459; x_wconf 85' lang='lat' dir='ltr'>negare</span> <span class='ocrx_word' id='word_1_34' title='bbox 1603 1398 1663 1460; x_wconf 91' lang='lat' dir='ltr'>pro</span> <span class='ocrx_word' id='word_1_35' title='bbox 1690 1392 1781 1441; x_wconf 86' lang='lat' dir='ltr'>certo</span> <span class='ocrx_word' id='word_1_36' title='bbox 1817 1399 1885 1442; x_wconf 90' lang='lat' dir='ltr'>uon</span> <span class='ocrx_word' id='word_1_37' title='bbox 1921 1362 1988 1441; x_wconf 88' lang='lat' dir='ltr'>dici</span> <span class='ocrx_word' id='word_1_38' title='bbox 2029 1390 2149 1461; x_wconf 86' lang='lat' dir='ltr'>potest,</span> <span class='ocrx_word' id='word_1_39' title='bbox 2172 1398 2383 1462; x_wconf 82' lang='lat' dir='ltr'>quamquam</span> <span class='ocrx_word' id='word_1_40' title='bbox 2418 1399 2461 1443; x_wconf 88' lang='lat' dir='ltr'>ex</span> <span class='ocrx_word' id='word_1_41' title='bbox 2498 1377 2583 1442; x_wconf 88' lang='lat' dir='ltr'>locis</span> 
     </span>
     <span class='ocr_line' id='line_1_5' title="bbox 912 1490 2580 1578; baseline 0.001 -21"><span class='ocrx_word' id='word_1_42' title='bbox 912 1493 1023 1557; x_wconf 88' lang='lat' dir='ltr'>allatis</span> <span class='ocrx_word' id='word_1_43' title='bbox 1048 1491 1230 1556; x_wconf 88' lang='lat' dir='ltr'>uerisimile</span> <span class='ocrx_word' id='word_1_44' title='bbox 1267 1491 1410 1554; x_wconf 85' lang='lat' dir='ltr'>uidetur.</span> <span class='ocrx_word' id='word_1_45' title='bbox 1459 1490 1526 1555; x_wconf 71' lang='lat' dir='ltr'>sed</span> <span class='ocrx_word' id='word_1_46' title='bbox 1557 1513 1686 1561; x_wconf 83' lang='lat' dir='ltr'>uereor.</span> <span class='ocrx_word' id='word_1_47' title='bbox 1711 1515 1754 1557; x_wconf 92' lang='lat' dir='ltr'>ne</span> <span class='ocrx_word' id='word_1_48' title='bbox 1785 1494 1857 1557; x_wconf 78' lang='lat' dir='ltr'>haec</span> <span class='ocrx_word' id='word_1_49' title='bbox 1890 1495 2059 1558; x_wconf 89' lang='lat' dir='ltr'>sententia</span> <span class='ocrx_word' id='word_1_50' title='bbox 2093 1492 2150 1557; x_wconf 91' lang='lat' dir='ltr'>illo</span> <span class='ocrx_word' id='word_1_51' title='bbox 2185 1495 2259 1577; x_wconf 88' lang='lat' dir='ltr'>ipso</span> <span class='ocrx_word' id='word_1_52' title='bbox 2293 1492 2463 1578; x_wconf 79' lang='lat' dir='ltr'>exemplo,</span> <span class='ocrx_word' id='word_1_53' title='bbox 2486 1493 2580 1578; x_wconf 57' lang='lat' dir='ltr'>«ruod</span> 
     </span>
     <span class='ocr_line' id='line_1_6' title="bbox 915 1606 2580 1693; baseline 0.002 -20"><span class='ocrx_word' id='word_1_54' title='bbox 915 1609 1013 1673; x_wconf 78' lang='lat' dir='ltr'>Bacs</span> <span class='ocrx_word' id='word_1_55' title='bbox 1037 1609 1159 1673; x_wconf 87' lang='lat' dir='ltr'>attulit.</span> <span class='ocrx_word' id='word_1_56' title='bbox 1185 1607 1248 1670; x_wconf 88' lang='grc' dir='ltr'><strong>Τιι.</strong></span> <span class='ocrx_word' id='word_1_57' title='bbox 1274 1610 1339 1670; x_wconf 67' lang='lat' dir='ltr'>att</span> <span class='ocrx_word' id='word_1_58' title='bbox 1363 1606 1545 1670; x_wconf 69' lang='lat' dir='ltr'>refellatur.</span> <span class='ocrx_word' id='word_1_59' title='bbox 1593 1608 1662 1682; x_wconf 79' lang='lat' dir='ltr'>Qui</span> <span class='ocrx_word' id='word_1_60' title='bbox 1685 1608 1778 1672; x_wconf 88' lang='lat' dir='ltr'>illam</span> <span class='ocrx_word' id='word_1_61' title='bbox 1802 1630 1950 1673; x_wconf 68' lang='lat' dir='ltr'>suanam</span> <span class='ocrx_word' id='word_1_62' title='bbox 1982 1622 2110 1673; x_wconf 84' lang='lat' dir='ltr'>attente</span> <span class='ocrx_word' id='word_1_63' title='bbox 2134 1609 2291 1693; x_wconf 77' lang='lat' dir='ltr'>perleget.</span> <span class='ocrx_word' id='word_1_64' title='bbox 2316 1609 2580 1679; x_wconf 82' lang='lat' dir='ltr'>animaduertet.</span> 
     </span>
     <span class='ocr_line' id='line_1_7' title="bbox 912 1722 2579 1809; baseline 0.001 -21"><span class='ocrx_word' id='word_1_65' title='bbox 912 1738 1042 1809; x_wconf 84' lang='lat' dir='ltr'>quanta</span> <span class='ocrx_word' id='word_1_66' title='bbox 1065 1725 1232 1808; x_wconf 84' lang='lat' dir='ltr'>grauitate</span> <span class='ocrx_word' id='word_1_67' title='bbox 1257 1723 1320 1786; x_wconf 84' lang='lat' dir='ltr'>lioc</span> <span class='ocrx_word' id='word_1_68' title='bbox 1344 1722 1478 1786; x_wconf 84' lang='lat' dir='ltr'>dicatur</span> <span class='ocrx_word' id='word_1_69' title='bbox 1507 1744 1595 1786; x_wconf 88' lang='lat' dir='ltr'>eam</span> <span class='ocrx_word' id='word_1_70' title='bbox 1632 1725 1741 1808; x_wconf 90' lang='lat' dir='ltr'>ipsam</span> <span class='ocrx_word' id='word_1_71' title='bbox 1767 1725 1914 1808; x_wconf 89' lang='lat' dir='ltr'>puellam</span> <span class='ocrx_word' id='word_1_72' title='bbox 1940 1745 2123 1809; x_wconf 77' lang='lat' dir='ltr'>pauperem</span> <span class='ocrx_word' id='word_1_73' title='bbox 2148 1746 2353 1809; x_wconf 71' lang='lat' dir='ltr'>essequam</span> <span class='ocrx_word' id='word_1_74' title='bbox 2377 1725 2579 1791; x_wconf 76' lang='lat' dir='ltr'>adulescens</span> 
     </span>
     <span class='ocr_line' id='line_1_8' title="bbox 913 1838 2579 1924; baseline 0 -19"><span class='ocrx_word' id='word_1_75' title='bbox 913 1862 1054 1905; x_wconf 84' lang='lat' dir='ltr'>uxorem</span> <span class='ocrx_word' id='word_1_76' title='bbox 1083 1839 1206 1904; x_wconf 87' lang='lat' dir='ltr'>ducere</span> <span class='ocrx_word' id='word_1_77' title='bbox 1229 1839 1321 1907; x_wconf 82' lang='lat' dir='ltr'>uelit.</span> <span class='ocrx_word' id='word_1_78' title='bbox 1346 1854 1378 1903; x_wconf 86' lang='lat' dir='ltr'>et</span> <span class='ocrx_word' id='word_1_79' title='bbox 1402 1859 1507 1922; x_wconf 60' lang='lat' dir='ltr'>«luam</span> <span class='ocrx_word' id='word_1_80' title='bbox 1533 1838 1733 1923; x_wconf 84' lang='lat' dir='ltr'>languidum</span> <span class='ocrx_word' id='word_1_81' title='bbox 1769 1840 1852 1904; x_wconf 89' lang='lat' dir='ltr'>illud</span> <span class='ocrx_word' id='word_1_82' title='bbox 1880 1842 1932 1906; x_wconf 86' lang='lat' dir='ltr'>sit.</span> <span class='ocrx_word' id='word_1_83' title='bbox 1969 1861 2037 1924; x_wconf 73' lang='lat' dir='ltr'>quo</span> <span class='ocrx_word' id='word_1_84' title='bbox 2063 1839 2162 1903; x_wconf 76' lang='lat' dir='ltr'>Bscn</span> <span class='ocrx_word' id='word_1_85' title='bbox 2197 1841 2402 1904; x_wconf 87' lang='lat' dir='ltr'>sententiam</span> <span class='ocrx_word' id='word_1_86' title='bbox 2437 1841 2579 1905; x_wconf 88' lang='lat' dir='ltr'>circum-</span> 
     </span>
     <span class='ocr_line' id='line_1_9' title="bbox 910 1955 2578 2041; baseline -0.001 -20"><span class='ocrx_word' id='word_1_87' title='bbox 910 1958 1054 2041; x_wconf 78' lang='lat' dir='ltr'>scripsit.</span> <span class='ocrx_word' id='word_1_88' title='bbox 1103 1955 1141 2018; x_wconf 92' lang='lat' dir='ltr'>ln</span> <span class='ocrx_word' id='word_1_89' title='bbox 1168 1956 1241 2039; x_wconf 91' lang='lat' dir='ltr'>ipso</span> <span class='ocrx_word' id='word_1_90' title='bbox 1265 1956 1466 2039; x_wconf 80' lang='lat' dir='ltr'>pronomine</span> <span class='ocrx_word' id='word_1_91' title='bbox 1488 1956 1603 2019; x_wconf 91' lang='lat' dir='ltr'>onmis</span> <span class='ocrx_word' id='word_1_92' title='bbox 1627 1957 1678 2019; x_wconf 89' lang='lat' dir='ltr'>uis</span> <span class='ocrx_word' id='word_1_93' title='bbox 1704 1957 1750 2020; x_wconf 88' lang='lat' dir='ltr'>rei</span> <span class='ocrx_word' id='word_1_94' title='bbox 1775 1977 1872 2021; x_wconf 80' lang='lat' dir='ltr'>nouae</span> <span class='ocrx_word' id='word_1_95' title='bbox 1897 1957 2061 2040; x_wconf 79' lang='lat' dir='ltr'>miraeque</span> <span class='ocrx_word' id='word_1_96' title='bbox 2093 1957 2190 2031; x_wconf 76' lang='lat' dir='ltr'>inest,</span> <span class='ocrx_word' id='word_1_97' title='bbox 2215 1955 2379 2041; x_wconf 83' lang='lat' dir='ltr'>nulloque</span> <span class='ocrx_word' id='word_1_98' title='bbox 2411 1956 2514 2020; x_wconf 91' lang='lat' dir='ltr'>modo</span> <span class='ocrx_word' id='word_1_99' title='bbox 2542 1955 2578 2021; x_wconf 92' lang='lat' dir='ltr'>id</span> 
     </span>
     <span class='ocr_line' id='line_1_10' title="bbox 911 2070 2578 2156; baseline 0.001 -21"><span class='ocrx_word' id='word_1_100' title='bbox 911 2072 1028 2136; x_wconf 86' lang='lat' dir='ltr'>abesse</span> <span class='ocrx_word' id='word_1_101' title='bbox 1068 2084 1195 2156; x_wconf 84' lang='lat' dir='ltr'>potest:</span> <span class='ocrx_word' id='word_1_102' title='bbox 1232 2092 1293 2134; x_wconf 89' lang='lat' dir='ltr'>nos</span> <span class='ocrx_word' id='word_1_103' title='bbox 1329 2070 1441 2134; x_wconf 87' lang='lat' dir='ltr'>dicere</span> <span class='ocrx_word' id='word_1_104' title='bbox 1475 2070 1651 2135; x_wconf 88' lang='lat' dir='ltr'>debemus:</span> <span class='ocrx_word' id='word_1_105' title='bbox 1693 2072 1824 2136; x_wconf 80' lang='lat' dir='ltr'>«henne</span> <span class='ocrx_word' id='word_1_106' title='bbox 1858 2082 1897 2136; x_wconf 76' lang='lat' dir='ltr'>ar</span> <span class='ocrx_word' id='word_1_107' title='bbox 1931 2071 1986 2136; x_wconf 85' lang='lat' dir='ltr'>det</span> <span class='ocrx_word' id='word_1_108' title='bbox 2023 2093 2095 2136; x_wconf 88' lang='lat' dir='ltr'>som</span> <span class='ocrx_word' id='word_1_109' title='bbox 2132 2074 2191 2156; x_wconf 83' lang='lat' dir='ltr'>jag</span> <span class='ocrx_word' id='word_1_110' title='bbox 2214 2100 2290 2136; x_wconf 77' lang='grc' dir='ltr'>-ι,</span> <span class='ocrx_word' id='word_1_111' title='bbox 2343 2072 2432 2136; x_wconf 81' lang='lat' dir='ltr'>Nam</span> <span class='ocrx_word' id='word_1_112' title='bbox 2470 2093 2578 2156; x_wconf 82' lang='lat' dir='ltr'>quare</span> 
     </span>
     <span class='ocr_line' id='line_1_11' title="bbox 912 2186 2577 2273; baseline 0.001 -21"><span class='ocrx_word' id='word_1_113' title='bbox 912 2210 1008 2272; x_wconf 90' lang='lat' dir='ltr'>pron.</span> <span class='ocrx_word' id='word_1_114' title='bbox 1033 2188 1062 2252; x_wconf 74' lang='grc' dir='ltr'>ιὶι</span> <span class='ocrx_word' id='word_1_115' title='bbox 1086 2189 1157 2251; x_wconf 92' lang='lat' dir='ltr'>uim</span> <span class='ocrx_word' id='word_1_116' title='bbox 1182 2208 1251 2251; x_wconf 92' lang='lat' dir='ltr'>non</span> <span class='ocrx_word' id='word_1_117' title='bbox 1275 2186 1399 2251; x_wconf 88' lang='lat' dir='ltr'>habere</span> <span class='ocrx_word' id='word_1_118' title='bbox 1425 2187 1559 2270; x_wconf 77' lang='lat' dir='ltr'>potest?</span> <span class='ocrx_word' id='word_1_119' title='bbox 1596 2189 1624 2252; x_wconf 81' lang='lat' dir='ltr'>is</span> <span class='ocrx_word' id='word_1_120' title='bbox 1646 2188 1814 2272; x_wconf 83' lang='lat' dir='ltr'>significat</span> <span class='ocrx_word' id='word_1_121' title='bbox 1841 2189 1888 2252; x_wconf 79' lang='lat' dir='ltr'>«is</span> <span class='ocrx_word' id='word_1_122' title='bbox 1912 2187 1954 2253; x_wconf 93' lang='lat' dir='ltr'>de</span> <span class='ocrx_word' id='word_1_123' title='bbox 1988 2209 2058 2272; x_wconf 88' lang='lat' dir='ltr'>quo</span> <span class='ocrx_word' id='word_1_124' title='bbox 2096 2208 2201 2273; x_wconf 89' lang='lat' dir='ltr'>supra</span> <span class='ocrx_word' id='word_1_125' title='bbox 2235 2187 2366 2253; x_wconf 90' lang='lat' dir='ltr'>dictum</span> <span class='ocrx_word' id='word_1_126' title='bbox 2400 2202 2486 2257; x_wconf 78' lang='lat' dir='ltr'>est».</span> <span class='ocrx_word' id='word_1_127' title='bbox 2510 2189 2577 2253; x_wconf 90' lang='lat' dir='ltr'>uisi</span> 
     </span>
     <span class='ocr_line' id='line_1_12' title="bbox 910 2303 2577 2388; baseline 0.001 -21"><span class='ocrx_word' id='word_1_128' title='bbox 910 2304 954 2368; x_wconf 92' lang='lat' dir='ltr'>ad</span> <span class='ocrx_word' id='word_1_129' title='bbox 977 2305 1192 2368; x_wconf 84' lang='lat' dir='ltr'>enuntiatum</span> <span class='ocrx_word' id='word_1_130' title='bbox 1218 2304 1398 2367; x_wconf 86' lang='lat' dir='ltr'>relatiuam</span> <span class='ocrx_word' id='word_1_131' title='bbox 1423 2324 1570 2386; x_wconf 84' lang='lat' dir='ltr'>sequens</span> <span class='ocrx_word' id='word_1_132' title='bbox 1593 2312 1722 2387; x_wconf 86' lang='lat' dir='ltr'>spectat</span> <span class='ocrx_word' id='word_1_133' title='bbox 1745 2305 1878 2387; x_wconf 89' lang='lat' dir='ltr'>(uerum</span> <span class='ocrx_word' id='word_1_134' title='bbox 1904 2318 2016 2368; x_wconf 89' lang='lat' dir='ltr'>tamen</span> <span class='ocrx_word' id='word_1_135' title='bbox 2049 2303 2104 2367; x_wconf 88' lang='lat' dir='ltr'>hic</span> <span class='ocrx_word' id='word_1_136' title='bbox 2139 2325 2276 2388; x_wconf 84' lang='lat' dir='ltr'>quoque</span> <span class='ocrx_word' id='word_1_137' title='bbox 2307 2303 2475 2388; x_wconf 78' lang='lat' dir='ltr'>exempla,</span> <span class='ocrx_word' id='word_1_138' title='bbox 2498 2325 2577 2388; x_wconf 78' lang='lat' dir='ltr'>quae</span> 
     </span>
     <span class='ocr_line' id='line_1_13' title="bbox 913 2418 2577 2505; baseline -0.002 -22"><span class='ocrx_word' id='word_1_139' title='bbox 913 2419 1052 2483; x_wconf 72' lang='lat' dir='ltr'>Basaro</span> <span class='ocrx_word' id='word_1_140' title='bbox 1075 2419 1222 2495; x_wconf 79' lang='lat' dir='ltr'>obstant,</span> <span class='ocrx_word' id='word_1_141' title='bbox 1248 2419 1473 2483; x_wconf 84' lang='lat' dir='ltr'>inueniuntur</span> <span class='ocrx_word' id='word_1_142' title='bbox 1495 2432 1533 2483; x_wconf 93' lang='lat' dir='ltr'>ut</span> <span class='ocrx_word' id='word_1_143' title='bbox 1558 2419 1624 2503; x_wconf 74' lang='lat' dir='ltr'>llg.</span> <span class='ocrx_word' id='word_1_144' title='bbox 1650 2421 1711 2483; x_wconf 75' lang='grc'>621</span> <span class='ocrx_word' id='word_1_145' title='bbox 1740 2441 1772 2484; x_wconf 92' lang='lat' dir='ltr'>u.</span> <span class='ocrx_word' id='word_1_146' title='bbox 1798 2441 1829 2503; x_wconf 93' lang='lat' dir='ltr'>p.</span> <span class='ocrx_word' id='word_1_147' title='bbox 1854 2421 1919 2501; x_wconf 63' lang='grc'>16).</span> <span class='ocrx_word' id='word_1_148' title='bbox 1969 2419 2029 2483; x_wconf 93' lang='lat' dir='ltr'>llla</span> <span class='ocrx_word' id='word_1_149' title='bbox 2064 2420 2267 2503; x_wconf 87' lang='lat' dir='ltr'>significatio</span> <span class='ocrx_word' id='word_1_150' title='bbox 2303 2441 2485 2505; x_wconf 77' lang='lat' dir='ltr'>personmn</span> <span class='ocrx_word' id='word_1_151' title='bbox 2521 2418 2577 2485; x_wconf 89' lang='lat' dir='ltr'>uel</span> 
     </span>
     <span class='ocr_line' id='line_1_14' title="bbox 910 2536 2574 2619; baseline 0.001 -20"><span class='ocrx_word' id='word_1_152' title='bbox 910 2557 981 2600; x_wconf 88' lang='lat' dir='ltr'>rem</span> <span class='ocrx_word' id='word_1_153' title='bbox 1012 2546 1138 2600; x_wconf 89' lang='lat' dir='ltr'>certam</span> <span class='ocrx_word' id='word_1_154' title='bbox 1162 2536 1305 2600; x_wconf 79' lang='lat' dir='ltr'>secernit</span> <span class='ocrx_word' id='word_1_155' title='bbox 1329 2550 1361 2599; x_wconf 90' lang='lat' dir='ltr'>et</span> <span class='ocrx_word' id='word_1_156' title='bbox 1386 2548 1490 2602; x_wconf 87' lang='lat' dir='ltr'>notat.</span> <span class='ocrx_word' id='word_1_157' title='bbox 1516 2544 1549 2600; x_wconf 90' lang='lat' dir='ltr'>et</span> <span class='ocrx_word' id='word_1_158' title='bbox 1571 2538 1599 2598; x_wconf 92' lang='lat' dir='ltr'>si</span> <span class='ocrx_word' id='word_1_159' title='bbox 1624 2556 1700 2599; x_wconf 89' lang='lat' dir='ltr'>earn</span> <span class='ocrx_word' id='word_1_160' title='bbox 1724 2536 1835 2619; x_wconf 86' lang='lat' dir='ltr'>ipsam</span> <span class='ocrx_word' id='word_1_161' title='bbox 1871 2556 2050 2619; x_wconf 90' lang='lat' dir='ltr'>personam</span> <span class='ocrx_word' id='word_1_162' title='bbox 2088 2536 2142 2599; x_wconf 90' lang='lat' dir='ltr'>uel</span> <span class='ocrx_word' id='word_1_163' title='bbox 2177 2556 2249 2599; x_wconf 86' lang='lat' dir='ltr'>rem</span> <span class='ocrx_word' id='word_1_164' title='bbox 2288 2556 2372 2603; x_wconf 72' lang='lat' dir='ltr'>esse.</span> <span class='ocrx_word' id='word_1_165' title='bbox 2408 2537 2464 2600; x_wconf 91' lang='lat' dir='ltr'>uel</span> <span class='ocrx_word' id='word_1_166' title='bbox 2498 2557 2574 2601; x_wconf 90' lang='lat' dir='ltr'>eam</span> 
     </span>
     <span class='ocr_line' id='line_1_15' title="bbox 909 2650 2576 2736; baseline 0.001 -20"><span class='ocrx_word' id='word_1_167' title='bbox 909 2673 983 2716; x_wconf 83' lang='lat' dir='ltr'>esse</span> <span class='ocrx_word' id='word_1_168' title='bbox 1008 2651 1156 2716; x_wconf 91' lang='lat' dir='ltr'>multum</span> <span class='ocrx_word' id='word_1_169' title='bbox 1180 2653 1342 2716; x_wconf 83' lang='lat' dir='ltr'>interesse</span> <span class='ocrx_word' id='word_1_170' title='bbox 1366 2650 1555 2716; x_wconf 89' lang='lat' dir='ltr'>notandum</span> <span class='ocrx_word' id='word_1_171' title='bbox 1580 2660 1640 2723; x_wconf 78' lang='lat' dir='ltr'>est,</span> <span class='ocrx_word' id='word_1_172' title='bbox 1666 2673 1763 2736; x_wconf 87' lang='lat' dir='ltr'>pron.</span> <span class='ocrx_word' id='word_1_173' title='bbox 1787 2651 1880 2735; x_wconf 86' lang='lat' dir='ltr'>quod</span> <span class='ocrx_word' id='word_1_174' title='bbox 1913 2651 1977 2716; x_wconf 90' lang='lat' dir='ltr'>hoc</span> <span class='ocrx_word' id='word_1_175' title='bbox 2015 2652 2184 2736; x_wconf 86' lang='lat' dir='ltr'>significat</span> <span class='ocrx_word' id='word_1_176' title='bbox 2218 2652 2252 2715; x_wconf 93' lang='lat' dir='ltr'>ui</span> <span class='ocrx_word' id='word_1_177' title='bbox 2286 2652 2402 2716; x_wconf 80' lang='lat' dir='ltr'>efferri</span> <span class='ocrx_word' id='word_1_178' title='bbox 2437 2673 2576 2718; x_wconf 82' lang='lat' dir='ltr'>necesse</span> 
     </span>
     <span class='ocr_line' id='line_1_16' title="bbox 909 2765 2575 2852; baseline 0 -19"><span class='ocrx_word' id='word_1_179' title='bbox 909 2776 969 2833; x_wconf 89' lang='lat' dir='ltr'>est.</span> <span class='ocrx_word' id='word_1_180' title='bbox 1018 2767 1178 2852; x_wconf 90' lang='lat' dir='ltr'>Inprimis</span> <span class='ocrx_word' id='word_1_181' title='bbox 1202 2788 1280 2832; x_wconf 90' lang='lat' dir='ltr'>cum</span> <span class='ocrx_word' id='word_1_182' title='bbox 1305 2781 1406 2830; x_wconf 87' lang='lat' dir='ltr'>antea</span> <span class='ocrx_word' id='word_1_183' title='bbox 1429 2766 1471 2831; x_wconf 87' lang='lat' dir='ltr'>de</span> <span class='ocrx_word' id='word_1_184' title='bbox 1494 2765 1609 2851; x_wconf 88' lang='lat' dir='ltr'>aliqua</span> <span class='ocrx_word' id='word_1_185' title='bbox 1633 2788 1669 2831; x_wconf 90' lang='lat' dir='ltr'>re</span> <span class='ocrx_word' id='word_1_186' title='bbox 1693 2768 1804 2831; x_wconf 84' lang='lat' dir='ltr'>fusius</span> <span class='ocrx_word' id='word_1_187' title='bbox 1828 2780 2002 2831; x_wconf 87' lang='lat' dir='ltr'>narratum</span> <span class='ocrx_word' id='word_1_188' title='bbox 2026 2784 2077 2831; x_wconf 90' lang='lat' dir='ltr'>est</span> <span class='ocrx_word' id='word_1_189' title='bbox 2111 2782 2144 2831; x_wconf 92' lang='lat' dir='ltr'>et</span> <span class='ocrx_word' id='word_1_190' title='bbox 2167 2766 2292 2832; x_wconf 87' lang='lat' dir='ltr'>deinde</span> <span class='ocrx_word' id='word_1_191' title='bbox 2315 2768 2380 2832; x_wconf 89' lang='lat' dir='ltr'>hoe</span> <span class='ocrx_word' id='word_1_192' title='bbox 2404 2769 2440 2833; x_wconf 92' lang='lat' dir='ltr'>in</span> <span class='ocrx_word' id='word_1_193' title='bbox 2464 2790 2575 2833; x_wconf 89' lang='lat' dir='ltr'>unum</span> 
     </span>
     <span class='ocr_line' id='line_1_17' title="bbox 908 2882 2575 2977; baseline 0.001 -30"><span class='ocrx_word' id='word_1_194' title='bbox 908 2883 1195 2967; x_wconf 88' lang='lat' dir='ltr'>comprehensum</span> <span class='ocrx_word' id='word_1_195' title='bbox 1219 2883 1421 2967; x_wconf 89' lang='lat' dir='ltr'>pronomine</span> <span class='ocrx_word' id='word_1_196' title='bbox 1445 2885 1608 2967; x_wconf 89' lang='lat' dir='ltr'>repetitur</span> <span class='ocrx_word' id='word_1_197' title='bbox 1630 2884 1688 2955; x_wconf 80' lang='lat' dir='ltr'>ita.</span> <span class='ocrx_word' id='word_1_198' title='bbox 1712 2896 1750 2947; x_wconf 90' lang='lat' dir='ltr'>ut</span> <span class='ocrx_word' id='word_1_199' title='bbox 1772 2882 1815 2946; x_wconf 90' lang='lat' dir='ltr'>ad</span> <span class='ocrx_word' id='word_1_200' title='bbox 1841 2883 1884 2949; x_wconf 89' lang='lat' dir='ltr'>id.</span> <span class='ocrx_word' id='word_1_201' title='bbox 1910 2882 2002 2967; x_wconf 86' lang='lat' dir='ltr'>qnod</span> <span class='ocrx_word' id='word_1_202' title='bbox 2026 2897 2127 2948; x_wconf 89' lang='lat' dir='ltr'>antea</span> <span class='ocrx_word' id='word_1_203' title='bbox 2150 2882 2281 2948; x_wconf 77' lang='lat' dir='ltr'>«lictum</span> <span class='ocrx_word' id='word_1_204' title='bbox 2309 2898 2371 2957; x_wconf 79' lang='lat' dir='ltr'>est,</span> <span class='ocrx_word' id='word_1_205' title='bbox 2396 2885 2575 2977; x_wconf 48' lang='lat' dir='ltr'>referatur,</span> 
     </span>
     <span class='ocr_line' id='line_1_18' title="bbox 908 2996 2576 3084; baseline 0.002 -22"><span class='ocrx_word' id='word_1_206' title='bbox 908 3021 995 3084; x_wconf 92' lang='lat' dir='ltr'>opus</span> <span class='ocrx_word' id='word_1_207' title='bbox 1019 3012 1069 3064; x_wconf 89' lang='lat' dir='ltr'>est</span> <span class='ocrx_word' id='word_1_208' title='bbox 1093 3012 1130 3062; x_wconf 94' lang='lat' dir='ltr'>ut</span> <span class='ocrx_word' id='word_1_209' title='bbox 1153 2997 1217 3064; x_wconf 90' lang='lat' dir='ltr'>Tn.</span> <span class='ocrx_word' id='word_1_210' title='bbox 1242 2999 1317 3073; x_wconf 68' lang='lat'>314,</span> <span class='ocrx_word' id='word_1_211' title='bbox 1343 2996 1420 3063; x_wconf 78' lang='lat' dir='ltr'>Aul.</span> <span class='ocrx_word' id='word_1_212' title='bbox 1446 3001 1510 3062; x_wconf 71' lang='lat'>⁶261</span> <span class='ocrx_word' id='word_1_213' title='bbox 1535 3008 1595 3062; x_wconf 88' lang='lat' dir='ltr'>etc.</span> <span class='ocrx_word' id='word_1_214' title='bbox 1644 2998 1774 3063; x_wconf 85' lang='lat' dir='ltr'>Eodem</span> <span class='ocrx_word' id='word_1_215' title='bbox 1800 2998 1977 3064; x_wconf 85' lang='lat' dir='ltr'>moderes</span> <span class='ocrx_word' id='word_1_216' title='bbox 2005 3021 2041 3064; x_wconf 89' lang='lat' dir='ltr'>se</span> <span class='ocrx_word' id='word_1_217' title='bbox 2074 2999 2186 3073; x_wconf 84' lang='lat' dir='ltr'>habet,</span> <span class='ocrx_word' id='word_1_218' title='bbox 2218 3019 2297 3064; x_wconf 90' lang='lat' dir='ltr'>cum</span> <span class='ocrx_word' id='word_1_219' title='bbox 2331 3021 2393 3084; x_wconf 91' lang='lat' dir='ltr'>pro</span> <span class='ocrx_word' id='word_1_220' title='bbox 2430 3003 2458 3065; x_wconf 82' lang='lat' dir='ltr'>is</span> <span class='ocrx_word' id='word_1_221' title='bbox 2496 3003 2576 3066; x_wconf 82' lang='lat' dir='ltr'>talis</span> 
     </span>
     <span class='ocr_line' id='line_1_19' title="bbox 908 3113 2576 3200; baseline 0.001 -21"><span class='ocrx_word' id='word_1_222' title='bbox 908 3116 1069 3180; x_wconf 90' lang='lat' dir='ltr'>substitui</span> <span class='ocrx_word' id='word_1_223' title='bbox 1102 3124 1220 3199; x_wconf 89' lang='lat' dir='ltr'>potest.</span> <span class='ocrx_word' id='word_1_224' title='bbox 1279 3113 1489 3198; x_wconf 84' lang='lat' dir='ltr'>Significatio</span> <span class='ocrx_word' id='word_1_225' title='bbox 1524 3124 1668 3199; x_wconf 81' lang='lat' dir='ltr'>utraque</span> <span class='ocrx_word' id='word_1_226' title='bbox 1700 3135 1742 3179; x_wconf 82' lang='lat' dir='ltr'>ex</span> <span class='ocrx_word' id='word_1_227' title='bbox 1781 3114 1901 3179; x_wconf 88' lang='lat' dir='ltr'>eodem</span> <span class='ocrx_word' id='word_1_228' title='bbox 1941 3116 2034 3179; x_wconf 79' lang='lat' dir='ltr'>fonte</span> <span class='ocrx_word' id='word_1_229' title='bbox 2073 3114 2226 3191; x_wconf 83' lang='lat' dir='ltr'>delinxit,</span> <span class='ocrx_word' id='word_1_230' title='bbox 2264 3136 2478 3200; x_wconf 89' lang='lat' dir='ltr'>quamquam</span> <span class='ocrx_word' id='word_1_231' title='bbox 2502 3116 2576 3181; x_wconf 83' lang='lat' dir='ltr'>haec</span> 
     </span>
     <span class='ocr_line' id='line_1_20' title="bbox 909 3228 2010 3315; baseline 0 -21"><span class='ocrx_word' id='word_1_232' title='bbox 909 3232 1018 3315; x_wconf 83' lang='lat' dir='ltr'>magis</span> <span class='ocrx_word' id='word_1_233' title='bbox 1041 3231 1229 3315; x_wconf 83' lang='lat' dir='ltr'>generatim</span> <span class='ocrx_word' id='word_1_234' title='bbox 1253 3228 1378 3294; x_wconf 91' lang='lat' dir='ltr'>dicitur</span> <span class='ocrx_word' id='word_1_235' title='bbox 1400 3238 1443 3297; x_wconf 83' lang='lat' dir='ltr'>et.</span> <span class='ocrx_word' id='word_1_236' title='bbox 1469 3245 1506 3294; x_wconf 91' lang='lat' dir='ltr'>ut</span> <span class='ocrx_word' id='word_1_237' title='bbox 1530 3230 1576 3294; x_wconf 85' lang='lat' dir='ltr'>ila</span> <span class='ocrx_word' id='word_1_238' title='bbox 1601 3229 1723 3295; x_wconf 88' lang='lat' dir='ltr'>dicam.</span> <span class='ocrx_word' id='word_1_239' title='bbox 1749 3230 1926 3295; x_wconf 89' lang='lat' dir='ltr'>collectiua</span> <span class='ocrx_word' id='word_1_240' title='bbox 1950 3246 2010 3295; x_wconf 91' lang='lat' dir='ltr'>est.</span> 
     </span>
    </p>

    <p class='ocr_par' dir='ltr' id='par_1_3' title="bbox 906 3345 2576 4127">
     <span class='ocr_line' id='line_1_21' title="bbox 1017 3345 2575 3431; baseline 0.002 -21"><span class='ocrx_word' id='word_1_241' title='bbox 1017 3346 1180 3431; x_wconf 79' lang='lat' dir='ltr'>Exempla</span> <span class='ocrx_word' id='word_1_242' title='bbox 1204 3347 1250 3409; x_wconf 90' lang='lat' dir='ltr'>ita</span> <span class='ocrx_word' id='word_1_243' title='bbox 1274 3345 1426 3430; x_wconf 86' lang='lat' dir='ltr'>digerere</span> <span class='ocrx_word' id='word_1_244' title='bbox 1459 3346 1543 3410; x_wconf 89' lang='lat' dir='ltr'>mihi</span> <span class='ocrx_word' id='word_1_245' title='bbox 1567 3354 1685 3430; x_wconf 91' lang='lat' dir='ltr'>aptum</span> <span class='ocrx_word' id='word_1_246' title='bbox 1721 3345 1869 3423; x_wconf 88' lang='lat' dir='ltr'>uidetur,</span> <span class='ocrx_word' id='word_1_247' title='bbox 1905 3356 1942 3410; x_wconf 92' lang='lat' dir='ltr'>ut</span> <span class='ocrx_word' id='word_1_248' title='bbox 1978 3346 2087 3430; x_wconf 91' lang='lat' dir='ltr'>primo</span> <span class='ocrx_word' id='word_1_249' title='bbox 2121 3346 2193 3411; x_wconf 89' lang='lat' dir='ltr'>loco</span> <span class='ocrx_word' id='word_1_250' title='bbox 2228 3367 2269 3410; x_wconf 88' lang='lat' dir='ltr'>ea</span> <span class='ocrx_word' id='word_1_251' title='bbox 2302 3367 2515 3427; x_wconf 73' lang='lat' dir='ltr'>enumerem,</span> <span class='ocrx_word' id='word_1_252' title='bbox 2537 3349 2575 3413; x_wconf 90' lang='lat' dir='ltr'>in</span> 
     </span>
     <span class='ocr_line' id='line_1_22' title="bbox 907 3460 2576 3547; baseline 0.004 -26"><span class='ocrx_word' id='word_1_253' title='bbox 907 3463 1033 3546; x_wconf 80' lang='lat' dir='ltr'>quibus</span> <span class='ocrx_word' id='word_1_254' title='bbox 1073 3482 1168 3546; x_wconf 92' lang='lat' dir='ltr'>pron.</span> <span class='ocrx_word' id='word_1_255' title='bbox 1206 3463 1233 3525; x_wconf 76' lang='lat' dir='ltr'>is</span> <span class='ocrx_word' id='word_1_256' title='bbox 1268 3460 1338 3524; x_wconf 91' lang='lat' dir='ltr'>uim</span> <span class='ocrx_word' id='word_1_257' title='bbox 1374 3462 1579 3545; x_wconf 84' lang='lat' dir='ltr'>peculiarem</span> <span class='ocrx_word' id='word_1_258' title='bbox 1616 3461 1729 3538; x_wconf 87' lang='lat' dir='ltr'>habet,</span> <span class='ocrx_word' id='word_1_259' title='bbox 1761 3461 1853 3546; x_wconf 76' lang='lat' dir='ltr'>quod</span> <span class='ocrx_word' id='word_1_260' title='bbox 1904 3483 2083 3547; x_wconf 86' lang='lat' dir='ltr'>personam</span> <span class='ocrx_word' id='word_1_261' title='bbox 2136 3462 2189 3526; x_wconf 91' lang='lat' dir='ltr'>uel</span> <span class='ocrx_word' id='word_1_262' title='bbox 2236 3484 2308 3527; x_wconf 89' lang='lat' dir='ltr'>rem</span> <span class='ocrx_word' id='word_1_263' title='bbox 2354 3474 2482 3528; x_wconf 87' lang='lat' dir='ltr'>certam</span> <span class='ocrx_word' id='word_1_264' title='bbox 2519 3462 2576 3529; x_wconf 73' lang='lat' dir='ltr'>de</span> 
     </span>
     <span class='ocr_line' id='line_1_23' title="bbox 909 3577 2576 3665; baseline 0.001 -24"><span class='ocrx_word' id='word_1_265' title='bbox 909 3594 1031 3642; x_wconf 89' lang='lat' dir='ltr'>notans</span> <span class='ocrx_word' id='word_1_266' title='bbox 1055 3599 1131 3642; x_wconf 91' lang='lat' dir='ltr'>eam</span> <span class='ocrx_word' id='word_1_267' title='bbox 1157 3579 1266 3663; x_wconf 80' lang='lat' dir='ltr'>ipsam</span> <span class='ocrx_word' id='word_1_268' title='bbox 1291 3598 1473 3663; x_wconf 88' lang='lat' dir='ltr'>personam</span> <span class='ocrx_word' id='word_1_269' title='bbox 1498 3578 1552 3641; x_wconf 92' lang='lat' dir='ltr'>uel</span> <span class='ocrx_word' id='word_1_270' title='bbox 1575 3599 1645 3641; x_wconf 87' lang='lat' dir='ltr'>rem</span> <span class='ocrx_word' id='word_1_271' title='bbox 1671 3598 1743 3642; x_wconf 85' lang='lat' dir='ltr'>esse</span> <span class='ocrx_word' id='word_1_272' title='bbox 1761 3577 1795 3641; x_wconf 91' lang='lat' dir='ltr'>ui</span> <span class='ocrx_word' id='word_1_273' title='bbox 1814 3579 1941 3641; x_wconf 88' lang='lat' dir='ltr'>maiore</span> <span class='ocrx_word' id='word_1_274' title='bbox 1957 3577 2123 3651; x_wconf 75' lang='lat' dir='ltr'>ostendit3</span> <span class='ocrx_word' id='word_1_275' title='bbox 2147 3578 2254 3642; x_wconf 89' lang='lat' dir='ltr'>altero</span> <span class='ocrx_word' id='word_1_276' title='bbox 2270 3579 2343 3643; x_wconf 89' lang='lat' dir='ltr'>loco</span> <span class='ocrx_word' id='word_1_277' title='bbox 2359 3600 2400 3643; x_wconf 87' lang='lat' dir='ltr'>ea</span> <span class='ocrx_word' id='word_1_278' title='bbox 2414 3579 2576 3665; x_wconf 85' lang='lat' dir='ltr'>exempla</span> 
     </span>
     <span class='ocr_line' id='line_1_24' title="bbox 908 3693 2575 3781; baseline 0.001 -22"><span class='ocrx_word' id='word_1_279' title='bbox 908 3696 1057 3768; x_wconf 85' lang='lat' dir='ltr'>uenient,</span> <span class='ocrx_word' id='word_1_280' title='bbox 1083 3696 1118 3758; x_wconf 91' lang='lat' dir='ltr'>in</span> <span class='ocrx_word' id='word_1_281' title='bbox 1142 3694 1268 3778; x_wconf 83' lang='lat' dir='ltr'>quibus</span> <span class='ocrx_word' id='word_1_282' title='bbox 1293 3715 1388 3778; x_wconf 88' lang='lat' dir='ltr'>pron.</span> <span class='ocrx_word' id='word_1_283' title='bbox 1413 3693 1457 3758; x_wconf 88' lang='lat' dir='ltr'>ad</span> <span class='ocrx_word' id='word_1_284' title='bbox 1480 3715 1589 3779; x_wconf 86' lang='lat' dir='ltr'>genus</span> <span class='ocrx_word' id='word_1_285' title='bbox 1623 3707 1792 3779; x_wconf 66' lang='lat' dir='ltr'>spectans</span> <span class='ocrx_word' id='word_1_286' title='bbox 1816 3715 1886 3759; x_wconf 91' lang='lat' dir='ltr'>non</span> <span class='ocrx_word' id='word_1_287' title='bbox 1909 3693 1953 3756; x_wconf 88' lang='lat' dir='ltr'>ad</span> <span class='ocrx_word' id='word_1_288' title='bbox 1989 3715 2058 3758; x_wconf 87' lang='lat' dir='ltr'>rem</span> <span class='ocrx_word' id='word_1_289' title='bbox 2094 3694 2148 3758; x_wconf 92' lang='lat' dir='ltr'>uel</span> <span class='ocrx_word' id='word_1_290' title='bbox 2184 3716 2365 3779; x_wconf 86' lang='lat' dir='ltr'>personam</span> <span class='ocrx_word' id='word_1_291' title='bbox 2400 3694 2575 3781; x_wconf 84' lang='lat' dir='ltr'>singulam</span> 
     </span>
     <span class='ocr_line' id='line_1_25' title="bbox 907 3808 2575 3896; baseline 0.002 -21"><span class='ocrx_word' id='word_1_292' title='bbox 907 3811 941 3875; x_wconf 91' lang='lat' dir='ltr'>iu</span> <span class='ocrx_word' id='word_1_293' title='bbox 977 3809 1236 3875; x_wconf 87' lang='lat' dir='ltr'>similitudinem</span> <span class='ocrx_word' id='word_1_294' title='bbox 1261 3811 1473 3894; x_wconf 89' lang='lat' dir='ltr'>pronominis</span> <span class='ocrx_word' id='word_1_295' title='bbox 1497 3811 1575 3875; x_wconf 64' lang='lat' dir='ltr'>talia</span> <span class='ocrx_word' id='word_1_296' title='bbox 1597 3810 1684 3884; x_wconf 86' lang='lat' dir='ltr'>abit;</span> <span class='ocrx_word' id='word_1_297' title='bbox 1725 3810 1822 3874; x_wconf 87' lang='lat' dir='ltr'>tertio</span> <span class='ocrx_word' id='word_1_298' title='bbox 1851 3808 1924 3873; x_wconf 88' lang='lat' dir='ltr'>loco</span> <span class='ocrx_word' id='word_1_299' title='bbox 1958 3830 1998 3872; x_wconf 90' lang='lat' dir='ltr'>ea</span> <span class='ocrx_word' id='word_1_300' title='bbox 2033 3810 2210 3874; x_wconf 78' lang='lat' dir='ltr'>afferenda</span> <span class='ocrx_word' id='word_1_301' title='bbox 2248 3821 2340 3888; x_wconf 82' lang='lat' dir='ltr'>sunt,</span> <span class='ocrx_word' id='word_1_302' title='bbox 2365 3812 2399 3875; x_wconf 90' lang='lat' dir='ltr'>in</span> <span class='ocrx_word' id='word_1_303' title='bbox 2435 3812 2575 3896; x_wconf 83' lang='lat' dir='ltr'>quibus.</span> 
     </span>
     <span class='ocr_line' id='line_1_26' title="bbox 906 3925 2575 4011; baseline 0.005 -27"><span class='ocrx_word' id='word_1_304' title='bbox 906 3947 1116 4011; x_wconf 83' lang='lat' dir='ltr'>quamquam</span> <span class='ocrx_word' id='word_1_305' title='bbox 1142 3947 1237 4010; x_wconf 88' lang='lat' dir='ltr'>pron.</span> <span class='ocrx_word' id='word_1_306' title='bbox 1262 3947 1330 3989; x_wconf 89' lang='lat' dir='ltr'>non</span> <span class='ocrx_word' id='word_1_307' title='bbox 1356 3927 1403 3989; x_wconf 91' lang='lat' dir='ltr'>ita</span> <span class='ocrx_word' id='word_1_308' title='bbox 1439 3946 1564 4010; x_wconf 84' lang='lat' dir='ltr'>magna</span> <span class='ocrx_word' id='word_1_309' title='bbox 1598 3927 1633 3988; x_wconf 94' lang='lat' dir='ltr'>ui</span> <span class='ocrx_word' id='word_1_310' title='bbox 1671 3926 1821 3990; x_wconf 80' lang='lat' dir='ltr'>effertur.</span> <span class='ocrx_word' id='word_1_311' title='bbox 1847 3925 1954 3989; x_wconf 87' lang='lat' dir='ltr'>subst.</span> <span class='ocrx_word' id='word_1_312' title='bbox 1991 3925 2099 3990; x_wconf 90' lang='lat' dir='ltr'>multo</span> <span class='ocrx_word' id='word_1_313' title='bbox 2134 3927 2276 3990; x_wconf 89' lang='lat' dir='ltr'>minoris</span> <span class='ocrx_word' id='word_1_314' title='bbox 2312 3929 2478 3991; x_wconf 87' lang='lat' dir='ltr'>momenti</span> <span class='ocrx_word' id='word_1_315' title='bbox 2511 3939 2575 3998; x_wconf 79' lang='lat' dir='ltr'>est,</span> 
     </span>
     <span class='ocr_line' id='line_1_27' title="bbox 907 4039 1678 4127; baseline 0.004 -27"><span class='ocrx_word' id='word_1_316' title='bbox 907 4063 1011 4127; x_wconf 79' lang='lat' dir='ltr'>quam</span> <span class='ocrx_word' id='word_1_317' title='bbox 1037 4064 1108 4106; x_wconf 91' lang='lat' dir='ltr'>rem</span> <span class='ocrx_word' id='word_1_318' title='bbox 1134 4043 1205 4105; x_wconf 91' lang='lat' dir='ltr'>loco</span> <span class='ocrx_word' id='word_1_319' title='bbox 1230 4062 1293 4105; x_wconf 88' lang='lat' dir='ltr'>suo</span> <span class='ocrx_word' id='word_1_320' title='bbox 1318 4041 1466 4126; x_wconf 90' lang='lat' dir='ltr'>amplius</span> <span class='ocrx_word' id='word_1_321' title='bbox 1489 4039 1678 4125; x_wconf 80' lang='lat' dir='ltr'>explicabo,</span> 
     </span>
    </p>
   </div>
   <div class='ocr_carea' id='block_1_3' title="bbox 1264 4272 2209 4358">
    <p class='ocr_par' dir='ltr' id='par_1_4' title="bbox 1264 4272 2209 4358">
     <span class='ocr_line' id='line_1_28' title="bbox 1264 4272 2209 4358; baseline 0.003 -22"><span class='ocrx_word' id='word_1_322' title='bbox 1264 4275 1304 4336; x_wconf 79' lang='lat' dir='ltr'>A.</span> <span class='ocrx_word' id='word_1_323' title='bbox 1351 4272 1450 4337; x_wconf 77' lang='lat' dir='ltr'>Pron.</span> <span class='ocrx_word' id='word_1_324' title='bbox 1477 4272 1526 4338; x_wconf 86' lang='lat' dir='ltr'>IS</span> <span class='ocrx_word' id='word_1_325' title='bbox 1547 4273 1583 4336; x_wconf 76' lang='lat' dir='ltr'>ui</span> <span class='ocrx_word' id='word_1_326' title='bbox 1607 4294 1671 4337; x_wconf 73' lang='lat' dir='ltr'>rem</span> <span class='ocrx_word' id='word_1_327' title='bbox 1694 4273 1856 4356; x_wconf 71' lang='lat' dir='ltr'>sinoalom</span> <span class='ocrx_word' id='word_1_328' title='bbox 1880 4273 2047 4338; x_wconf 75' lang='lat' dir='ltr'>denotante</span> <span class='ocrx_word' id='word_1_329' title='bbox 2069 4276 2209 4358; x_wconf 79' lang='lat' dir='ltr'>effertur.</span> 
     </span>
    </p>
   </div>
   <div class='ocr_carea' id='block_1_4' title="bbox 902 4477 2576 5722">
    <p class='ocr_par' dir='ltr' id='par_1_5' title="bbox 902 4477 2576 5722">
     <span class='ocr_line' id='line_1_29' title="bbox 1012 4477 2576 4563; baseline 0.004 -20"><span class='ocrx_word' id='word_1_330' title='bbox 1012 4479 1099 4544; x_wconf 84' lang='lat' dir='ltr'>Cum</span> <span class='ocrx_word' id='word_1_331' title='bbox 1137 4479 1379 4562; x_wconf 78' lang='lat' dir='ltr'>Amphitruoni</span> <span class='ocrx_word' id='word_1_332' title='bbox 1416 4486 1579 4562; x_wconf 86' lang='lat' dir='ltr'>pateram.</span> <span class='ocrx_word' id='word_1_333' title='bbox 1604 4499 1709 4563; x_wconf 85' lang='lat' dir='ltr'>quam</span> <span class='ocrx_word' id='word_1_334' title='bbox 1741 4500 1777 4543; x_wconf 88' lang='lat' dir='ltr'>se</span> <span class='ocrx_word' id='word_1_335' title='bbox 1810 4478 1895 4543; x_wconf 85' lang='lat' dir='ltr'>bene</span> <span class='ocrx_word' id='word_1_336' title='bbox 1930 4477 2103 4543; x_wconf 90' lang='lat' dir='ltr'>conditam</span> <span class='ocrx_word' id='word_1_337' title='bbox 2139 4478 2265 4544; x_wconf 88' lang='lat' dir='ltr'>habere</span> <span class='ocrx_word' id='word_1_338' title='bbox 2303 4480 2458 4559; x_wconf 85' lang='lat' dir='ltr'>credidit,</span> <span class='ocrx_word' id='word_1_339' title='bbox 2483 4503 2576 4549; x_wconf 82' lang='lat' dir='ltr'>uxor</span> 
     </span>
     <span class='ocr_line' id='line_1_30' title="bbox 905 4593 2574 4682; baseline 0.002 -22"><span class='ocrx_word' id='word_1_340' title='bbox 905 4597 1042 4681; x_wconf 75' lang='lat' dir='ltr'>proten.</span> <span class='ocrx_word' id='word_1_341' title='bbox 1069 4597 1218 4660; x_wconf 85' lang='lat' dir='ltr'>maxima</span> <span class='ocrx_word' id='word_1_342' title='bbox 1242 4616 1319 4659; x_wconf 87' lang='lat' dir='ltr'>eum</span> <span class='ocrx_word' id='word_1_343' title='bbox 1344 4594 1570 4658; x_wconf 86' lang='lat' dir='ltr'>admiratione</span> <span class='ocrx_word' id='word_1_344' title='bbox 1593 4593 1675 4658; x_wconf 91' lang='lat' dir='ltr'>dicit</span> <span class='ocrx_word' id='word_1_345' title='bbox 1698 4595 1775 4659; x_wconf 78' lang='lat' dir='ltr'>Am.</span> <span class='ocrx_word' id='word_1_346' title='bbox 1802 4596 1862 4658; x_wconf 72' lang='lat'>781</span> <span class='ocrx_word' id='word_1_347' title='bbox 1891 4595 1972 4659; x_wconf 77' lang='lat' dir='ltr'>Hac</span> <span class='ocrx_word' id='word_1_348' title='bbox 2005 4601 2084 4659; x_wconf 81' lang='lat' dir='ltr'>eust</span> <span class='ocrx_word' id='word_1_349' title='bbox 2113 4597 2256 4675; x_wconf 69' lang='lat' dir='ltr'>proficio</span> <span class='ocrx_word' id='word_1_350' title='bbox 2290 4608 2408 4680; x_wconf 79' lang='lat' dir='ltr'>potero</span> <span class='ocrx_word' id='word_1_351' title='bbox 2431 4600 2574 4682; x_wconf 84' lang='lat' dir='ltr'>—just</span> 
     </span>
     <span class='ocr_line' id='line_1_31' title="bbox 904 4709 2575 4795; baseline 0.005 -23"><span class='ocrx_word' id='word_1_352' title='bbox 904 4712 970 4776; x_wconf 71' lang='lat' dir='ltr'>«len</span> <span class='ocrx_word' id='word_1_353' title='bbox 997 4739 1049 4790; x_wconf 87' lang='lat'>-;</span> <span class='ocrx_word' id='word_1_354' title='bbox 1081 4713 1123 4776; x_wconf 92' lang='lat' dir='ltr'>cl.</span> <span class='ocrx_word' id='word_1_355' title='bbox 1161 4732 1260 4795; x_wconf 91' lang='lat' dir='ltr'>porro</span> <span class='ocrx_word' id='word_1_356' title='bbox 1298 4711 1358 4795; x_wconf 78' lang='lat' dir='ltr'>Ep.</span> <span class='ocrx_word' id='word_1_357' title='bbox 1383 4712 1437 4782; x_wconf 78' lang='lat'>53,</span> <span class='ocrx_word' id='word_1_358' title='bbox 1470 4710 1538 4773; x_wconf 78' lang='lat' dir='ltr'>llu.</span> <span class='ocrx_word' id='word_1_359' title='bbox 1569 4712 1639 4782; x_wconf 73' lang='grc'>186,</span> <span class='ocrx_word' id='word_1_360' title='bbox 1666 4709 1732 4794; x_wconf 71' lang='lat' dir='ltr'>lig.</span> <span class='ocrx_word' id='word_1_361' title='bbox 1758 4711 1834 4791; x_wconf 69' lang='grc'>660,</span> <span class='ocrx_word' id='word_1_362' title='bbox 1859 4709 1923 4773; x_wconf 73' lang='lat' dir='ltr'>llo.</span> <span class='ocrx_word' id='word_1_363' title='bbox 1949 4713 2025 4784; x_wconf 73' lang='lat'>664,</span> <span class='ocrx_word' id='word_1_364' title='bbox 2050 4711 2127 4784; x_wconf 69' lang='grc'>926,</span> <span class='ocrx_word' id='word_1_365' title='bbox 2152 4710 2204 4774; x_wconf 86' lang='lat' dir='ltr'>Pr.</span> <span class='ocrx_word' id='word_1_366' title='bbox 2229 4713 2306 4786; x_wconf 71' lang='lat'>532,</span> <span class='ocrx_word' id='word_1_367' title='bbox 2331 4713 2371 4777; x_wconf 84' lang='lat' dir='ltr'>R.</span> <span class='ocrx_word' id='word_1_368' title='bbox 2400 4716 2496 4790; x_wconf 88' lang='grc'>1119,</span> <span class='ocrx_word' id='word_1_369' title='bbox 2519 4714 2575 4784; x_wconf 80' lang='lat' dir='ltr'>St.</span> 
     </span>
     <span class='ocr_line' id='line_1_32' title="bbox 909 4826 2575 4912; baseline 0.002 -20"><span class='ocrx_word' id='word_1_370' title='bbox 909 4829 965 4892; x_wconf 87' lang='grc'>191</span> <span class='ocrx_word' id='word_1_371' title='bbox 994 4829 1041 4893; x_wconf 82' lang='lat' dir='ltr'>Ei</span> <span class='ocrx_word' id='word_1_372' title='bbox 1062 4830 1165 4894; x_wconf 74' lang='lat' dir='ltr'>hercle</span> <span class='ocrx_word' id='word_1_373' title='bbox 1187 4850 1240 4912; x_wconf 73' lang='lat' dir='ltr'>eqo</span> <span class='ocrx_word' id='word_1_374' title='bbox 1267 4830 1359 4892; x_wconf 67' lang='lat' dir='ltr'>acerbo</span> <span class='ocrx_word' id='word_1_375' title='bbox 1383 4828 1505 4891; x_wconf 80' lang='lat' dir='ltr'>lambos</span> <span class='ocrx_word' id='word_1_376' title='bbox 1527 4827 1693 4909; x_wconf 74' lang='lat' dir='ltr'>diffroclos</span> <span class='ocrx_word' id='word_1_377' title='bbox 1717 4828 1821 4892; x_wconf 70' lang='lat' dir='ltr'>nolim.</span> <span class='ocrx_word' id='word_1_378' title='bbox 1847 4826 1905 4890; x_wconf 91' lang='lat' dir='ltr'>ubi</span> <span class='ocrx_word' id='word_1_379' title='bbox 1929 4828 1979 4889; x_wconf 89' lang='lat' dir='ltr'>ira</span> <span class='ocrx_word' id='word_1_380' title='bbox 2002 4826 2187 4911; x_wconf 90' lang='lat' dir='ltr'>conspicua</span> <span class='ocrx_word' id='word_1_381' title='bbox 2210 4841 2272 4898; x_wconf 75' lang='lat' dir='ltr'>est,</span> <span class='ocrx_word' id='word_1_382' title='bbox 2295 4827 2354 4893; x_wconf 81' lang='lat' dir='ltr'>Tc.</span> <span class='ocrx_word' id='word_1_383' title='bbox 2378 4830 2422 4894; x_wconf 72' lang='lat'>68</span> <span class='ocrx_word' id='word_1_384' title='bbox 2446 4831 2498 4895; x_wconf 84' lang='lat' dir='ltr'>Eo</span> <span class='ocrx_word' id='word_1_385' title='bbox 2522 4836 2575 4896; x_wconf 77' lang='lat' dir='ltr'>ni-</span> 
     </span>
     <span class='ocr_line' id='line_1_33' title="bbox 903 4941 2574 5029; baseline 0.002 -21"><span class='ocrx_word' id='word_1_386' title='bbox 903 4945 999 5009; x_wconf 80' lang='lat' dir='ltr'>miost</span> <span class='ocrx_word' id='word_1_387' title='bbox 1029 4946 1121 5014; x_wconf 75' lang='lat' dir='ltr'>rollo.</span> <span class='ocrx_word' id='word_1_388' title='bbox 1150 4943 1241 5029; x_wconf 87' lang='lat' dir='ltr'>quod</span> <span class='ocrx_word' id='word_1_389' title='bbox 1282 4963 1333 5008; x_wconf 83' lang='lat' dir='ltr'>ex.</span> <span class='ocrx_word' id='word_1_390' title='bbox 1367 4943 1483 5027; x_wconf 87' lang='lat' dir='ltr'>generi</span> <span class='ocrx_word' id='word_1_391' title='bbox 1518 4941 1615 5005; x_wconf 88' lang='lat' dir='ltr'>alteri</span> <span class='ocrx_word' id='word_1_392' title='bbox 1650 4963 1755 5026; x_wconf 90' lang='lat' dir='ltr'>prope</span> <span class='ocrx_word' id='word_1_393' title='bbox 1795 4942 1935 5016; x_wconf 83' lang='lat' dir='ltr'>accedit,</span> <span class='ocrx_word' id='word_1_394' title='bbox 1959 4943 2040 5006; x_wconf 70' lang='lat'>413:</span> <span class='ocrx_word' id='word_1_395' title='bbox 2076 4942 2141 5006; x_wconf 78' lang='lat' dir='ltr'>An.</span> <span class='ocrx_word' id='word_1_396' title='bbox 2167 4945 2210 5007; x_wconf 66' lang='grc'>65</span> <span class='ocrx_word' id='word_1_397' title='bbox 2233 4964 2282 5027; x_wconf 83' lang='lat' dir='ltr'>sq.</span> <span class='ocrx_word' id='word_1_398' title='bbox 2312 4944 2499 5029; x_wconf 65' lang='lat' dir='ltr'>Chrysidem</span> <span class='ocrx_word' id='word_1_399' title='bbox 2524 4984 2574 4996; x_wconf 87' lang='lat'>-·</span> 
     </span>
     <span class='ocr_line' id='line_1_34' title="bbox 904 5057 2573 5142; baseline 0.003 -19"><span class='ocrx_word' id='word_1_400' title='bbox 904 5084 978 5124; x_wconf 84' lang='lat' dir='ltr'>nam</span> <span class='ocrx_word' id='word_1_401' title='bbox 1004 5062 1139 5124; x_wconf 60' lang='lat' dir='ltr'>,tuo-io</span> <span class='ocrx_word' id='word_1_402' title='bbox 1166 5060 1223 5124; x_wconf 80' lang='lat' dir='ltr'>uo·</span> <span class='ocrx_word' id='word_1_403' title='bbox 1247 5061 1280 5123; x_wconf 82' lang='lat' dir='ltr'>id</span> <span class='ocrx_word' id='word_1_404' title='bbox 1302 5068 1370 5123; x_wconf 69' lang='lat' dir='ltr'>erat</span> <span class='ocrx_word' id='word_1_405' title='bbox 1394 5081 1502 5123; x_wconf 68' lang='lat' dir='ltr'>»tomen</span> <span class='ocrx_word' id='word_1_406' title='bbox 1528 5058 1562 5121; x_wconf 91' lang='lat' dir='ltr'>in</span> <span class='ocrx_word' id='word_1_407' title='bbox 1596 5057 1813 5142; x_wconf 82' lang='lat' dir='ltr'>explicationi</span> <span class='ocrx_word' id='word_1_408' title='bbox 1845 5057 2010 5141; x_wconf 81' lang='lat' dir='ltr'>sequenti.</span> <span class='ocrx_word' id='word_1_409' title='bbox 2036 5071 2072 5121; x_wconf 90' lang='lat' dir='ltr'>ut</span> <span class='ocrx_word' id='word_1_410' title='bbox 2108 5059 2229 5123; x_wconf 89' lang='lat' dir='ltr'>melius</span> <span class='ocrx_word' id='word_1_411' title='bbox 2263 5060 2573 5141; x_wconf 83' lang='lat' dir='ltr'>animaduertatur‚</span> 
     </span>
     <span class='ocr_line' id='line_1_35' title="bbox 906 5174 2573 5262; baseline 0.004 -24"><span class='ocrx_word' id='word_1_412' title='bbox 906 5174 966 5239; x_wconf 84' lang='lat' dir='ltr'>Eu.</span> <span class='ocrx_word' id='word_1_413' title='bbox 993 5177 1046 5255; x_wconf 88' lang='lat'>31,</span> <span class='ocrx_word' id='word_1_414' title='bbox 1073 5174 1134 5239; x_wconf 87' lang='lat' dir='ltr'>Hc.</span> <span class='ocrx_word' id='word_1_415' title='bbox 1159 5178 1203 5239; x_wconf 80' lang='lat' dir='ltr'>oo</span> <span class='ocrx_word' id='word_1_416' title='bbox 1227 5183 1377 5262; x_wconf 61' lang='lat' dir='ltr'>quaestum</span> <span class='ocrx_word' id='word_1_417' title='bbox 1402 5183 1462 5237; x_wconf 88' lang='lat' dir='ltr'>aut</span> <span class='ocrx_word' id='word_1_418' title='bbox 1484 5194 1562 5237; x_wconf 89' lang='lat' dir='ltr'>cum</span> <span class='ocrx_word' id='word_1_419' title='bbox 1587 5196 1657 5237; x_wconf 75' lang='lat' dir='ltr'>mm</span> <span class='ocrx_word' id='word_1_420' title='bbox 1680 5182 1738 5236; x_wconf 89' lang='lat' dir='ltr'>aut</span> <span class='ocrx_word' id='word_1_421' title='bbox 1762 5193 1840 5237; x_wconf 91' lang='lat' dir='ltr'>cum</span> <span class='ocrx_word' id='word_1_422' title='bbox 1864 5196 2049 5237; x_wconf 71' lang='lat' dir='ltr'>mammam</span> <span class='ocrx_word' id='word_1_423' title='bbox 2074 5174 2235 5258; x_wconf 87' lang='lat' dir='ltr'>coniungi</span> <span class='ocrx_word' id='word_1_424' title='bbox 2267 5183 2387 5260; x_wconf 79' lang='lat' dir='ltr'>potest.</span> <span class='ocrx_word' id='word_1_425' title='bbox 2412 5177 2476 5242; x_wconf 79' lang='lat' dir='ltr'>Au.</span> <span class='ocrx_word' id='word_1_426' title='bbox 2501 5179 2573 5245; x_wconf 75' lang='lat'>368</span> 
     </span>
     <span class='ocr_line' id='line_1_36' title="bbox 902 5287 2571 5380; baseline 0.003 -25"><span class='ocrx_word' id='word_1_427' title='bbox 902 5293 958 5380; x_wconf 81' lang='lat' dir='ltr'>qui</span> <span class='ocrx_word' id='word_1_428' title='bbox 980 5292 1016 5355; x_wconf 82' lang='lat' dir='ltr'>id</span> <span class='ocrx_word' id='word_1_429' title='bbox 1038 5293 1190 5356; x_wconf 73' lang='lat' dir='ltr'>dedissem</span> <span class='ocrx_word' id='word_1_430' title='bbox 1214 5292 1379 5356; x_wconf 78' lang='lat' dir='ltr'>consilinm</span> <span class='ocrx_word' id='word_1_431' title='bbox 1404 5311 1449 5355; x_wconf 90' lang='lat' dir='ltr'>sc.</span> <span class='ocrx_word' id='word_1_432' title='bbox 1475 5299 1512 5353; x_wconf 92' lang='lat' dir='ltr'>ut</span> <span class='ocrx_word' id='word_1_433' title='bbox 1536 5287 1649 5374; x_wconf 93' lang='lat' dir='ltr'>puella</span> <span class='ocrx_word' id='word_1_434' title='bbox 1673 5288 1787 5353; x_wconf 92' lang='lat' dir='ltr'>lenoni</span> <span class='ocrx_word' id='word_1_435' title='bbox 1810 5291 2010 5373; x_wconf 85' lang='lat' dir='ltr'>eriperetur;</span> <span class='ocrx_word' id='word_1_436' title='bbox 2046 5288 2089 5353; x_wconf 89' lang='lat' dir='ltr'>de</span> <span class='ocrx_word' id='word_1_437' title='bbox 2124 5311 2192 5374; x_wconf 89' lang='lat' dir='ltr'>quo</span> <span class='ocrx_word' id='word_1_438' title='bbox 2227 5292 2370 5356; x_wconf 84' lang='lat' dir='ltr'>consilio</span> <span class='ocrx_word' id='word_1_439' title='bbox 2401 5294 2571 5378; x_wconf 85' lang='lat' dir='ltr'>quoniam</span> 
     </span>
     <span class='ocr_line' id='line_1_37' title="bbox 903 5405 2572 5498; baseline 0.004 -28"><span class='ocrx_word' id='word_1_440' title='bbox 903 5427 1092 5490; x_wconf 81' lang='lat' dir='ltr'>numquam</span> <span class='ocrx_word' id='word_1_441' title='bbox 1118 5406 1245 5470; x_wconf 87' lang='lat' dir='ltr'>dictum</span> <span class='ocrx_word' id='word_1_442' title='bbox 1271 5415 1330 5474; x_wconf 78' lang='lat' dir='ltr'>est.</span> <span class='ocrx_word' id='word_1_443' title='bbox 1355 5405 1413 5469; x_wconf 89' lang='lat' dir='ltr'>sed</span> <span class='ocrx_word' id='word_1_444' title='bbox 1438 5405 1472 5469; x_wconf 89' lang='lat' dir='ltr'>id</span> <span class='ocrx_word' id='word_1_445' title='bbox 1498 5405 1626 5468; x_wconf 80' lang='lat' dir='ltr'>factum</span> <span class='ocrx_word' id='word_1_446' title='bbox 1650 5424 1724 5468; x_wconf 89' lang='lat' dir='ltr'>esse</span> <span class='ocrx_word' id='word_1_447' title='bbox 1748 5418 1880 5468; x_wconf 90' lang='lat' dir='ltr'>tantum</span> <span class='ocrx_word' id='word_1_448' title='bbox 1906 5419 2081 5468; x_wconf 90' lang='lat' dir='ltr'>narratum</span> <span class='ocrx_word' id='word_1_449' title='bbox 2112 5415 2172 5480; x_wconf 85' lang='lat' dir='ltr'>est,</span> <span class='ocrx_word' id='word_1_450' title='bbox 2206 5428 2313 5491; x_wconf 80' lang='lat' dir='ltr'>pron..</span> <span class='ocrx_word' id='word_1_451' title='bbox 2338 5417 2376 5472; x_wconf 89' lang='lat' dir='ltr'>ut</span> <span class='ocrx_word' id='word_1_452' title='bbox 2411 5409 2477 5475; x_wconf 88' lang='lat' dir='ltr'>hoc</span> <span class='ocrx_word' id='word_1_453' title='bbox 2510 5432 2572 5498; x_wconf 87' lang='lat' dir='ltr'>ap</span> 
     </span>
     <span class='ocr_line' id='line_1_38' title="bbox 904 5519 2573 5612; baseline 0.004 -25"><span class='ocrx_word' id='word_1_454' title='bbox 904 5537 1029 5607; x_wconf 86' lang='lat' dir='ltr'>pareat.</span> <span class='ocrx_word' id='word_1_455' title='bbox 1053 5523 1166 5587; x_wconf 78' lang='lat' dir='ltr'>efferri</span> <span class='ocrx_word' id='word_1_456' title='bbox 1192 5543 1326 5587; x_wconf 90' lang='lat' dir='ltr'>necesse</span> <span class='ocrx_word' id='word_1_457' title='bbox 1350 5530 1410 5585; x_wconf 85' lang='lat' dir='ltr'>est.</span> <span class='ocrx_word' id='word_1_458' title='bbox 1459 5520 1613 5585; x_wconf 82' lang='lat' dir='ltr'>Forsitan</span> <span class='ocrx_word' id='word_1_459' title='bbox 1638 5521 1674 5583; x_wconf 84' lang='lat' dir='ltr'>id</span> <span class='ocrx_word' id='word_1_460' title='bbox 1710 5531 1797 5584; x_wconf 85' lang='lat' dir='ltr'>‹tam</span> <span class='ocrx_word' id='word_1_461' title='bbox 1840 5519 2057 5604; x_wconf 67' lang='lat' dir='ltr'>praclarum-v</span> <span class='ocrx_word' id='word_1_462' title='bbox 2096 5521 2210 5587; x_wconf 85' lang='lat' dir='ltr'>ualere</span> <span class='ocrx_word' id='word_1_463' title='bbox 2242 5524 2443 5608; x_wconf 84' lang='lat' dir='ltr'>cogitauerit</span> <span class='ocrx_word' id='word_1_464' title='bbox 2477 5529 2573 5612; x_wconf 89' lang='lat' dir='ltr'>quis·</span> 
     </span>
     <span class='ocr_line' id='line_1_39' title="bbox 903 5633 2038 5722; baseline -0.001 -21"><span class='ocrx_word' id='word_1_465' title='bbox 903 5639 1004 5722; x_wconf 89' lang='lat' dir='ltr'>piam.</span> <span class='ocrx_word' id='word_1_466' title='bbox 1054 5639 1118 5701; x_wconf 79' lang='lat' dir='ltr'>An.</span> <span class='ocrx_word' id='word_1_467' title='bbox 1144 5639 1208 5700; x_wconf 84' lang='grc' dir='ltr'>ῖ99</span> <span class='ocrx_word' id='word_1_468' title='bbox 1232 5646 1264 5701; x_wconf 90' lang='lat' dir='ltr'>el</span> <span class='ocrx_word' id='word_1_469' title='bbox 1290 5636 1353 5701; x_wconf 89' lang='lat' dir='ltr'>Hc.</span> <span class='ocrx_word' id='word_1_470' title='bbox 1383 5638 1445 5699; x_wconf 69' lang='lat'>112</span> <span class='ocrx_word' id='word_1_471' title='bbox 1470 5638 1523 5700; x_wconf 88' lang='lat' dir='ltr'>uis</span> <span class='ocrx_word' id='word_1_472' title='bbox 1547 5636 1659 5699; x_wconf 90' lang='lat' dir='ltr'>minor</span> <span class='ocrx_word' id='word_1_473' title='bbox 1681 5652 1742 5712; x_wconf 90' lang='lat' dir='ltr'>est,</span> <span class='ocrx_word' id='word_1_474' title='bbox 1767 5636 1849 5699; x_wconf 89' lang='lat' dir='ltr'>item</span> <span class='ocrx_word' id='word_1_475' title='bbox 1875 5633 1937 5699; x_wconf 93' lang='lat' dir='ltr'>Hc.</span> <span class='ocrx_word' id='word_1_476' title='bbox 1968 5638 2038 5700; x_wconf 81' lang='lat' dir='ltr'>lli.</span> 
     </span>
    </p>
   </div>
   <div class='ocr_carea' id='block_1_5' title="bbox 903 5750 2573 5957">
    <p class='ocr_par' dir='ltr' id='par_1_6' title="bbox 903 5750 2573 5957">
     <span class='ocr_line' id='line_1_40' title="bbox 1012 5750 2573 5843; baseline 0.007 -27"><span class='ocrx_word' id='word_1_477' title='bbox 1012 5753 1051 5818; x_wconf 90' lang='lat' dir='ltr'>ln</span> <span class='ocrx_word' id='word_1_478' title='bbox 1074 5753 1279 5838; x_wconf 80' lang='lat' dir='ltr'>quibusdam</span> <span class='ocrx_word' id='word_1_479' title='bbox 1305 5753 1471 5837; x_wconf 83' lang='lat' dir='ltr'>exemplis</span> <span class='ocrx_word' id='word_1_480' title='bbox 1496 5752 1548 5815; x_wconf 88' lang='lat' dir='ltr'>uis</span> <span class='ocrx_word' id='word_1_481' title='bbox 1572 5752 1630 5815; x_wconf 83' lang='lat' dir='ltr'>uix</span> <span class='ocrx_word' id='word_1_482' title='bbox 1670 5752 1781 5816; x_wconf 90' lang='lat' dir='ltr'>inesse</span> <span class='ocrx_word' id='word_1_483' title='bbox 1816 5750 1967 5829; x_wconf 88' lang='lat' dir='ltr'>uidetur;</span> <span class='ocrx_word' id='word_1_484' title='bbox 2003 5755 2208 5837; x_wconf 84' lang='lat' dir='ltr'>quaestiones</span> <span class='ocrx_word' id='word_1_485' title='bbox 2243 5755 2328 5834; x_wconf 74' lang='lat' dir='ltr'>«lieo,</span> <span class='ocrx_word' id='word_1_486' title='bbox 2368 5758 2404 5822; x_wconf 91' lang='lat' dir='ltr'>iu</span> <span class='ocrx_word' id='word_1_487' title='bbox 2438 5758 2573 5843; x_wconf 89' lang='lat' dir='ltr'>quibus</span> 
     </span>
     <span class='ocr_line' id='line_1_41' title="bbox 903 5866 2573 5957; baseline 0.004 -24"><span class='ocrx_word' id='word_1_488' title='bbox 903 5868 1048 5934; x_wconf 87' lang='lat' dir='ltr'>uerbum</span> <span class='ocrx_word' id='word_1_489' title='bbox 1072 5869 1327 5934; x_wconf 85' lang='lat' dir='ltr'>substantiuum</span> <span class='ocrx_word' id='word_1_490' title='bbox 1351 5869 1440 5934; x_wconf 88' lang='lat' dir='ltr'>inter</span> <span class='ocrx_word' id='word_1_491' title='bbox 1464 5889 1559 5953; x_wconf 89' lang='lat' dir='ltr'>pron.</span> <span class='ocrx_word' id='word_1_492' title='bbox 1584 5866 1673 5931; x_wconf 91' lang='lat' dir='ltr'>dem.</span> <span class='ocrx_word' id='word_1_493' title='bbox 1698 5879 1732 5932; x_wconf 86' lang='lat' dir='ltr'>et</span> <span class='ocrx_word' id='word_1_494' title='bbox 1755 5867 1861 5933; x_wconf 87' lang='lat' dir='ltr'>subst.</span> <span class='ocrx_word' id='word_1_495' title='bbox 1887 5869 2055 5946; x_wconf 89' lang='lat' dir='ltr'>inseritur,</span> <span class='ocrx_word' id='word_1_496' title='bbox 2080 5891 2133 5934; x_wconf 86' lang='lat' dir='ltr'>ex.</span> <span class='ocrx_word' id='word_1_497' title='bbox 2161 5893 2189 5935; x_wconf 87' lang='lat' dir='ltr'>c.</span> <span class='ocrx_word' id='word_1_498' title='bbox 2207 5873 2278 5936; x_wconf 75' lang='lat' dir='ltr'>l&#39;rc.</span> <span class='ocrx_word' id='word_1_499' title='bbox 2315 5876 2377 5938; x_wconf 68' lang='lat' dir='ltr'>ost</span> <span class='ocrx_word' id='word_1_500' title='bbox 2421 5875 2502 5957; x_wconf 70' lang='lat' dir='ltr'>Quia</span> <span class='ocrx_word' id='word_1_501' title='bbox 2539 5880 2573 5942; x_wconf 77' lang='lat' dir='ltr'>ise</span> 
     </span>
    </p>
   </div>
   <div class='ocr_carea' id='block_1_6' title="bbox 0 0 2830 7322">
    <p class='ocr_par' dir='ltr' id='par_1_7' title="bbox 0 0 2830 7322">
     <span class='ocr_line' id='line_1_42' title="bbox 0 0 2830 7322; baseline 0 0"><span class='ocrx_word' id='word_1_502' title='bbox 0 0 2830 7322; x_wconf 95' lang='lat' dir='ltr'> </span> 
     </span>
    </p>
   </div>
  </div>
 </body>
</html>
