5650 7325
937 939 959 1012 6
1614 943 1722 1015 Martio
1740 920 1917 1016 P..Nilsson'.

938 1147 1034 1211 pron.
1059 1132 1113 1191 tuo
1135 1145 1171 1191 se
1195 1123 1350 1210 applicet,
1375 1142 1512 1189 necesse
1535 1131 1600 1202 est;
1640 1144 1744 1209 quare
1770 1129 1823 1189 tuo
1868 1143 1976 1208 usque
1999 1123 2113 1188 animo
2138 1123 2346 1202 obuersatur,
2372 1121 2453 1188 dum
2482 1130 2601 1190 cetera

938 1241 1042 1307 uerba
1065 1241 1337 1326 pronuntiantur,
1363 1240 1474 1325 quoad
1494 1240 1640 1322 periculo
1662 1239 1809 1317 auditur,
1834 1240 1938 1305 etsie
1967 1240 2082 1304 animo
2119 1238 2239 1304 melius
2273 1240 2433 1324 infigitur,
2458 1241 2599 1307 etiamsi

938 1358 1009 1424 loco
1033 1359 1142 1444 primo
1167 1378 1235 1422 non
1260 1365 1358 1422 extet.
1407 1355 1467 1442 Op.
1493 1358 1557 1422 838
1581 1363 1696 1421 autom
1719 1355 1772 1421 uis
1796 1355 2001 1422 snbstantiui
2025 1377 2067 1421 ex
2098 1377 2137 1421 eo
2172 1362 2306 1421 tantum
2339 1356 2474 1442 pendet,
2498 1357 2597 1444 quod

936 1476 1163 1560 anteponitur,
1189 1495 1267 1539 cum
1292 1494 1387 1558 pron.
1413 1472 1641 1537 necessarium
1665 1493 1734 1536 non
1758 1472 1811 1537 sit.
1851 1471 1936 1544 Haec
1951 1473 2149 1559 expectatio,
2167 1493 2272 1557 qnam
2295 1473 2477 1539 erosxos
2501 1483 2598 1540 recte

936 1591 1118 1657 aestimanit
1141 1599 1174 1655 et
1197 1598 1235 1655 ut
1258 1610 1396 1655 causam
1421 1587 1541 1665 attulit,
1566 1610 1627 1654 cur
1650 1588 1870 1673 praedicatum
1895 1590 1930 1653 in
1955 1588 2021 1654 line
2045 1589 2212 1654 enuntiati
2244 1588 2463 1655 collocaretur
2473 1591 2503 1677 ¹),
2528 1594 2597 1656 lor-

936 1708 1024 1773 sitan
1047 1707 1206 1772 aduocari
1230 1707 1344 1792 possit,
1369 1715 1407 1770 ut
1430 1704 1625 1790 explicetur,
1649 1726 1709 1770 cur
1733 1712 1876 1770 uerbum
1901 1703 2065 1771 definiens
2103 1712 2182 1770 ante
2222 1704 2398 1770 delinitum
2433 1717 2594 1792 ponatur.

935 1826 1022 1888 Cum
1046 1797 1138 1889 enim
1162 1823 1304 1891 uerbum
1330 1821 1494 1887 deliniens
1517 1820 1609 1886 aliud
1634 1842 1779 1906 sequens
1803 1821 1963 1907 requirat,
1986 1821 2035 1887 sic
2057 1821 2163 1886 uerba
2196 1822 2301 1886 artius
2336 1824 2596 1910 coniunguntur

935 1949 970 2006 et
991 1961 1031 2005 ea
1053 1941 1141 2006 inter
1164 1962 1199 2005 se
1223 1939 1389 2024 pertinere
1413 1937 1534 2003 melius
1557 1944 1706 2025 apparet.

1041 2057 1181 2122 Accedit
1203 2057 1301 2121 tertia
1323 2077 1376 2121 res
1400 2056 1507 2120 multo
1532 2054 1702 2120 difficilius
1726 2055 1934 2134 aestimanda,
1958 2077 2033 2140 quae
2058 2054 2101 2120 ad
2130 2055 2382 2122 collocationem
2406 2057 2592 2124 uerborum

935 2174 1080 2240 multum
1105 2173 1211 2253 uslet;
1247 2173 1491 2257 euphoniam
1527 2172 1611 2237 dico.
1659 2172 1744 2238 Haec
1767 2181 1943 2238 causaest
1966 2173 2154 2238 curuerba
2192 2181 2295 2238 atona
2324 2182 2465 2240 accentu
2501 2175 2593 2241 elata

844 2376 846 2378 q
934 2291 1095 2377 subsequi
1119 2290 1257 2369 soleant,
1282 2290 1377 2355 uelut
1400 2310 1495 2376 pron.
1521 2310 1609 2375 poss.
1634 2297 1775 2356 accentu
1810 2290 1983 2376 priuatum
2008 2289 2112 2356 subet.
2149 2311 2250 2356 suum
2279 2292 2376 2376 sequi
2414 2292 2513 2369 solet;
2553 2293 2592 2357 in

934 2409 1206 2474 coniunctionem
1230 2407 1466 2473 attributinam
1491 2406 1596 2472 uerba
1619 2414 1721 2472 atone
1743 2407 1951 2485 inseruntur,
1976 2428 2051 2493 qnae
2079 2407 2154 2492 ipsa
2177 2397 2319 2472 accentu
2352 2408 2484 2493 priuata
2518 2409 2592 2474 nim

934 2526 1026 2590 uocis
1049 2524 1278 2591 antecedentis
1302 2531 1430 2601 notant,
1456 2545 1507 2588 ex.
1532 2546 1560 2590 c.
1587 2530 1691 2607 tuopte
1714 2525 1851 2607 inuenio,
1876 2546 1945 2589 meo
1967 2524 2093 2611 quidem
2123 2525 2278 2590 sententio
2301 2536 2362 2590 etc.
2410 2526 2501 2602 Quid
2533 2548 2592 2590 ua·

933 2644 1000 2707 leat
1023 2642 1203 2728 euphonia,
1227 2642 1376 2706 maxime
1401 2642 1437 2705 in
1461 2661 1500 2706 eo
1524 2649 1672 2726 apparet,
1699 2640 1790 2726 qnod
1814 2640 1919 2705 uerba
1942 2649 2045 2705 atona
2067 2650 2189 2726 praetor
2222 2649 2332 2706 cetere
2360 2642 2403 2707 ad
2437 2643 2589 2727 primum

934 2759 1076 2824 uerbum
1094 2758 1260 2823 enuntiati
1284 2779 1319 2822 se
1343 2758 1514 2844 applicare
1537 2759 1656 2834 solent,
1674 2758 1806 2823 etiamsi
1830 2757 1874 2822 ad
1898 2757 1933 2823 id
1956 2778 2025 2822 non
2049 2758 2237 2842 pertinent;
2273 2759 2502 2844 quamlegem
2518 2761 2590 2824 iam

933 2876 1117 2961 attigerunt
1151 2874 1394 2961 Bnnoxrsxffl)
1426 2886 1459 2940 et
1492 2874 1733 2960 Dnnsniiox³l,
1769 2881 1858 2939 recte
1893 2874 2050 2960 exposuit
2092 2874 2370 2939 chxnnxxssn
2417 2877 2589 2963 primus⁴),

933 3013 1077 3077 eamque
1100 3014 1119 3058 θ
1144 2991 1261 3077 lingna
1295 2992 1498 3077 primigenia
1521 2992 1718 3078 prouenisse
1749 2991 2003 3057 demonstrauit.
2049 2989 2216 3058 Praeterea
2254 3013 2341 3077 segre
2374 2992 2589 3071 diiudicatur,

932 3109 1015 3195 quid
1038 3109 1218 3194 euphoniae
1242 3108 1413 3174 debeatur.
1460 3108 1514 3173 Ab
1549 3129 1589 3174 ea
1618 3108 1766 3194 pendero
1789 3107 1888 3173 credo
1912 3107 2004 3193 quod
2037 3107 2252 3175 snbstantias
2280 3107 2438 3195 quaedam
2473 3132 2592 3176 mono

932 3227 1061 3312 syllaba
1084 3231 1204 3304 utres,
1227 3226 1281 3291 ure
1303 3233 1364 3290 etc.
1389 3232 1468 3290 ante
1492 3224 1556 3290 adi.
1582 3225 1664 3311 poni
1687 3225 1795 3293 solent
1805 3223 1838 3314 ὁ).
2029 3221 2031 3224 ’

1038 3341 1122 3407 Ηθθθ
1146 3342 1313 3427 principia
1336 3342 1495 3407 omnibus
1520 3342 1644 3407 nostris
1667 3341 1792 3427 linguis
1816 3342 2011 3407 communia
2036 3362 2108 3407 esse
2131 3341 2300 3422 uidentur,
2325 3343 2492 3429 aquibus
2525 3345 2591 3410 col·

931 3458 1052 3524 locatio
1072 3447 1258 3524 ¹uerborum
1281 3459 1387 3524 latina
1410 3479 1548 3544 quoque
1579 3460 1731 3545 profecta
1760 3468 1824 3539 est;
1859 3459 1896 3522 in
1932 3457 2049 3524 multis
2084 3465 2198 3523 autem
2232 3459 2334 3524 rebus
2369 3462 2454 3525 ratio
2489 3468 2590 3527 uetus

931 3577 1110 3641 immutata
1133 3585 1192 3653 est,
1217 3597 1303 3661 quas
1326 3576 1395 3640 iam
1419 3575 1515 3661 attigi
1539 3585 1571 3640 et
1595 3596 1686 3641 nunc
1709 3576 1853 3641 forsitan
1876 3576 1988 3641 fusius
2011 3595 2180 3661 exponere
2204 3596 2312 3660 operae
2348 3577 2494 3661 pretium
2533 3579 2588 3645 sit.

931 3694 981 3759 De
1004 3695 1223 3759 collocatione
1246 3694 1399 3759 attributi
1424 3701 1457 3758 et
1480 3693 1522 3758 de
1546 3693 1750 3773 traiectione,
1776 3714 1851 3779 qnae
1876 3694 1912 3758 in
1935 3694 2053 3778 lingua
2085 3694 2190 3757 latina
2224 3694 2387 3779 frequens
2425 3703 2483 3774 est,
2517 3696 2589 3762 iam

930 3811 1010 3876 dixi.
1058 3811 1198 3897 Linguae
1222 3811 1335 3876 latinae
1363 3811 1473 3895 magis
1508 3811 1694 3897 proprium,
1718 3810 1850 3876 etiamsi
1885 3810 1921 3874 in
1954 3809 2029 3874 aliis
2067 3830 2203 3895 quoque
2235 3809 2419 3890 inuenitur,
2444 3812 2478 3876 id
2514 3834 2589 3878 esse

930 3927 1074 4007 uidetur,
1100 3928 1192 4012 quod
1216 3927 1329 4006 uerba,
1354 3927 1443 3992 inter
1467 3948 1545 4013 quse
1568 3928 1654 3992 ratio
1692 3926 1807 4012 aliqua
1841 3926 2027 4006 intercedit,
2060 3934 2098 3991 nt
2135 3932 2195 3991 aut
2228 3928 2397 3992 contraria
2428 3929 2496 3994 sint
2527 3937 2590 3995 aut

928 4046 1017 4112 inter
1040 4066 1076 4110 se
1099 4045 1290 4131 suppleant,
1315 4065 1419 4129 quam
1445 4046 1601 4130 proxima
1624 4053 1799 4130 ponuntur
1810 4042 1843 4132 ⁶).
1891 4043 1991 4120 Quod
2015 4064 2075 4129 per
2098 4063 2134 4108 ss
2157 4052 2421 4110 consentaneum
2458 4053 2491 4111 et
2524 4068 2589 4132 par
2672 4027 2688 4047 ⁸

929 4170 1091 4246 est,‚cum
1115 4164 1200 4227 ratio
1224 4183 1265 4227 ea
1287 4162 1506 4227 collocatione
1530 4183 1632 4248 quam
1662 4164 1789 4248 optime
1813 4161 2105 4226 animaduertatur
2128 4181 2180 4227 ex.
2204 4182 2232 4226 c.
2268 4161 2349 4227 Mrc.
2386 4164 2449 4227 821
2485 4187 2589 4230 eaor

928 4280 1061 4345 uirum
1083 4279 1113 4345 ei
1136 4281 1218 4345 clam
1242 4282 1333 4344 domo
1355 4286 1520 4363 epreesast,
1545 4278 1603 4345 sed
1638 4280 1675 4343 in
1698 4278 1816 4365 lingna
1838 4278 1945 4344 latina
1967 4279 2076 4364 magis
2099 4277 2262 4363 gliscebat
2290 4299 2393 4364 quam
2428 4279 2464 4344 in
2499 4280 2586 4348 aliis.

928 4397 964 4462 Si
999 4417 1078 4461 cum
1118 4402 1261 4483 utroque
1293 4396 1398 4461 uerbo
1437 4398 1637 4462 attributum
1672 4397 1890 4465 coniunctum
1925 4404 1984 4475 est,
2008 4395 2179 4460 chiasmus
2213 4394 2251 4460 fit
2284 4416 2336 4461 ex.
2361 4417 2388 4461 c.
2413 4396 2493 4463 Mrc.
2520 4401 2587 4465 713

927 4515 1013 4579 iubet
1034 4515 1158 4579 sulum
1179 4535 1253 4579 areos
1276 4514 1330 4579 uir
1352 4536 1482 4581 acorem
1503 4536 1606 4599 sumn,
1630 4514 1694 4582 ΤΠ.
1718 4516 1781 4580 bil
1806 4536 1892 4581 nunc
1927 4521 2014 4579 tuum
2040 4534 2179 4578 sororem
2206 4513 2273 4594 filio
2302 4536 2398 4598 posco
2432 4537 2514 4599 inco,·
2553 4524 2588 4581 et

875 4681 879 4691 .
927 4630 957 4695 si
980 4630 1065 4696 ratio
1090 4633 1124 4694 in
1148 4629 1317 4695 attributis
1341 4632 1452 4715 posita
1475 4641 1535 4711 est,
1559 4652 1600 4697 ea
1622 4652 1727 4718 quam
1760 4632 1915 4718 proxima
1949 4639 2124 4717 ponuntur
2158 4649 2210 4693 ex.
2236 4650 2263 4694 c.
2300 4630 2383 4716 elog.
2416 4632 2586 4718 Scipionis

927 4746 1074 4832 Hispani
1108 4748 1246 4813 Virtutes
1267 4748 1391 4832 pencris
1413 4749 1504 4814 mrem
1526 4750 1666 4815 moribus
1689 4750 1901 4827 accumularet,
1926 4748 1979 4814 Ρη
2003 4749 2067 4812 873
2099 4746 2178 4813 Scin
2213 4752 2247 4813 iu
2276 4769 2365 4813 mum
2400 4754 2484 4815 tuom
2499 4795 2504 4816 .
2517 4772 2585 4817 meo

926 4886 977 4931 erc
1015 4887 1080 4931 esse
1116 4864 1284 4931 iambum
1318 4866 1511 4949 comiciam?
1555 4864 1656 4931 Hanc
1694 4867 1860 4931 rationem
1888 4864 2116 4931 collocationis
2154 4863 2308 4950 propriae,
2337 4866 2522 4950 praesertim
2555 4867 2584 4932 si

1036 5055 1054 5130 ¹)
1072 5064 1103 5116 G.
1123 5062 1293 5130 Lixosxoc,
1312 5062 1445 5129 Beitrdge
1465 5077 1515 5116 zur
1534 5063 1709 5116 Geschichte
1729 5064 1779 5116 der
1799 5063 1991 5129 Satestellung
2016 5062 2055 5114 im
2085 5063 2186 5115 Latein
2214 5062 2297 5129 (Acta
2327 5065 2459 5118 Vniuers.
2489 5066 2583 5137 hund,

926 5144 1056 5219 XXXII)
1074 5170 1101 5220 p.
1120 5155 1145 5205 6.
1183 5153 1229 5205 b'ic
1248 5154 1326 5205 enim
1345 5153 1528 5206 enuntiatum
1548 5169 1636 5205 uuum
1657 5170 1722 5206 esse
1742 5154 1878 5220 intellegi.
1917 5152 2000 5216 Quod
2019 5153 2106 5205 etiam
2125 5152 2156 5205 in
2185 5153 2437 5208 coniunctionibus
2465 5156 2585 5208 attribu.

927 5244 995 5295 tinia
1014 5248 1147 5310 apparet;
1175 5235 1346 5295 attributum
1367 5243 1444 5295 enim
1464 5243 1602 5296 aduerbio
1621 5243 1668 5296 uel
1687 5243 1871 5296 substantiuo
1891 5258 2062 5311 expressum
2080 5243 2156 5294 inter
2174 5243 2253 5295 aliud
2271 5245 2450 5311 attributum,
2461 5246 2485 5297 si
2505 5247 2583 5312 quod

925 5339 978 5399 est,
998 5338 1028 5385 et
1046 5333 1137 5385 subst.
1157 5331 1245 5385 inseri
1264 5332 1347 5386 solet.
1383 5333 1427 5385 De
1446 5333 1605 5386 enuntiatis
1624 5334 1754 5386 relatiuis
1773 5333 1946 5401 quibusdam
1966 5348 1993 5385 u.
2012 5332 2097 5385 intra.

1033 5429 1053 5497 ¹)
1071 5432 1268 5496 Bsnusrsxx,
1287 5430 1306 5483 l.
1326 5431 1343 5483 l.
1364 5449 1390 5498 p.
1411 5431 1463 5485 178
1481 5432 1518 5485 de
1537 5448 1618 5499 pron.
1637 5448 1713 5499 pers.
1732 5433 1841 5500 graecis.

1033 5527 1249 5597 ³)Dnnnniicx,
1269 5531 1322 5597 lli,
1341 5530 1376 5583 60
1394 5531 1431 5583 de
1450 5547 1532 5598 pron.
1551 5531 1665 5597 indicis,
1684 5548 1712 5585 u.
1731 5547 1809 5584 nunc
1829 5531 1953 5584 Grundr.
1976 5533 2009 5595 V,
2028 5533 2063 5585 49
2082 5550 2143 5602 sqq.

1032 5629 1053 5697 ⁴)
1070 5630 1096 5682 J.
1119 5630 1372 5695 chxnnnxcnn
1394 5619 1473 5683 Uber
1490 5630 1538 5683 ein
1558 5631 1662 5683 Gesetz
1681 5631 1732 5683 der
1751 5631 1908 5696 indogerm.
1931 5632 2145 5699 Wortstellung.
2180 5632 2281 5698 Indog.
2298 5633 2456 5701 Forsch.,l,
2471 5634 2523 5688 333
2539 5651 2582 5702 sq.

1032 5726 1052 5794 ⁶)
1070 5730 1247 5796 Anemosa,
1267 5729 1284 5781 l.
1304 5729 1322 5780 l.
1342 5746 1369 5796 p.
1388 5729 1431 5781 38.

1031 5824 1113 5895 ⁰)De
1131 5828 1187 5880 hoc
1206 5830 1307 5881 confer
1326 5829 1457 5880 Lnonnn
1477 5829 1495 5882 l.
1515 5829 1532 5881 l.
1553 5846 1579 5896 p.
1599 5830 1660 5897 433,
1689 5831 1733 5883 cui
1763 5830 1793 5882 in
1822 5831 1875 5884 hac
1903 5836 1985 5899 parto
2013 5831 2145 5899 prooemii
2173 5831 2265 5885 multa
2292 5847 2338 5884 me
2366 5832 2471 5884 debere
2499 5837 2582 5898 gratu

923 5918 1021 5971 animo
1039 5918 1185 5986 profiteor.
