5650 7325
947 987 990 1039 Da
1009 985 1196 1041 collocatione
1216 1003 1297 1054 pron.
1316 969 1372 1042 adi.
1391 988 1469 1055 apud
1488 967 1621 1042 Plautum
1641 993 1671 1041 et
1689 989 1864 1042 Terentium.
2209 967 2250 1034 13
2363 1030 2366 1036 .

703 1144 793 1222 Quid
817 1147 881 1212 sibr
906 1146 1013 1213 uelint
1037 1147 1138 1213 uariae
1162 1147 1397 1213 collocationes
1421 1148 1660 1233 pronominum
1687 1149 1965 1233 possessiuorum,
1991 1168 2032 1213 ex
2056 1159 2151 1234 parte
2178 1148 2248 1214 iam

596 1262 787 1328 Ausancnr
816 1262 942 1340 statuit,
967 1263 1023 1328 sed
1049 1263 1140 1348 apud
1180 1277 1261 1328 eum
1294 1248 1387 1329 nulla
1419 1264 1576 1349 exempla
1608 1264 1818 1349 pronominis
1842 1263 2000 1329 disiuncti
2027 1265 2250 1331 inueniuntur

595 1379 659 1444 nisi
684 1400 802 1465 pauca,
828 1379 884 1447 ubi
909 1382 1033 1464 quidam
1058 1381 1221 1447 insertum
1247 1391 1307 1455 est,
1331 1402 1443 1467 neque
1468 1401 1508 1445 ex
1532 1381 1574 1446 iis
1599 1382 1715 1466 paucis
1739 1379 1912 1467 exemplis,
1930 1401 2007 1465 quae
2029 1401 2073 1446 ex
2089 1390 2250 1467 quattuor

594 1497 767 1562 comoediis
791 1496 957 1563 Plautinis
981 1497 1136 1582 sumpsit,
1161 1497 1345 1582 quicquam
1369 1506 1518 1583 apparet.
1570 1496 1650 1562 Haec
1673 1505 1723 1562 est
1758 1497 1822 1571 lex,
1847 1517 1953 1581 quam
1987 1498 2100 1563 effecit
2123 1499 2143 1562 l.
2168 1497 2189 1563 1.
2213 1519 2246 1584 p.

543 1693 545 1696 Υ
594 1613 613 1676 3
640 1613 810 1678 Ronnrvu
833 1613 854 1678 l.
879 1613 899 1679 l.
925 1635 956 1700 p.
983 1616 1162 1679 laecutus
1190 1612 1282 1678 «haec
1306 1614 1508 1699 pronomina
1530 1614 1567 1677 in
1598 1614 1796 1679 uniueisum
1833 1613 2019 1679 secundum
2057 1607 2169 1679 locum
2205 1623 2248 1680 te-

593 1737 688 1808 nent;
729 1729 787 1795 ubi
812 1737 925 1796 autem
965 1731 998 1795 ui
1035 1730 1231 1807 efferuntur,
1267 1737 1345 1795 ante
1383 1729 1489 1795 subst.
1526 1736 1730 1815 ponuntur»,
1756 1750 1833 1814 quae
1865 1729 1907 1794 de
1941 1748 2006 1796 usu
2045 1729 2247 1816 scriptorum

595 1866 700 1929 prosae
724 1846 885 1913 orationis
909 1867 990 1912 uera
1013 1854 1072 1912 est.
1121 1844 1222 1932 Apud
1245 1846 1405 1911 Plautum
1429 1852 1543 1911 autem
1568 1854 1601 1910 et
1623 1845 1819 1911 Terentium
1860 1864 1927 1910 non
1964 1863 2101 1930 prorsus
2135 1845 2248 1911 ualere

592 1962 704 2028 statim
730 1963 893 2049 exemplis
916 1963 1076 2048 inspectis
1100 1967 1253 2049 apparet3
1289 1981 1371 2026 narn
1397 1962 1502 2026 multa
1524 1961 1721 2026 inuenimus
1745 1960 1910 2047 exempla,
1935 1962 1970 2028 in
1995 1962 2120 2047 quibus
2152 1982 2246 2047 pron.

593 2099 681 2163 poss.
713 2077 818 2144 subst.
854 2079 967 2164 ipsum
1003 2077 1205 2144 antecedens
1229 2078 1263 2142 ui
1299 2098 1367 2144 non
1402 2078 1557 2153 offertum
1597 2097 1696 2163 porro
1731 2078 1978 2163 exquirendum
2018 2085 2077 2155 est,
2114 2078 2196 2164 quid
2228 2100 2249 2144 a

591 2194 805 2260 substantiae
845 2194 1050 2260 disiunctum
1088 2194 1207 2260 ualeat.
1263 2194 1297 2259 Si
1333 2192 1471 2279 quidem
1507 2215 1603 2278 pron.
1641 2193 1818 2272 antecedit,
1853 2193 1887 2258 id
1919 2193 2111 2261 seiunctum
2146 2181 2251 2261 etiam·

592 2310 718 2376 maiore
742 2310 777 2376 ui
801 2311 911 2377 efferri
936 2309 1120 2377 uerisimile
1144 2317 1202 2385 eet,
1227 2330 1305 2375 cum
1331 2331 1426 2396 pron.
1444 2310 1548 2375 subet.
1567 2311 1679 2395 ipsum
1697 2308 1900 2376 antecedens
1917 2310 1952 2375 ui
1968 2311 2130 2377 efferatur
2146 2321 2179 2376 et
2194 2312 2250 2377 uis

591 2426 816 2512 disiungendo
840 2434 1013 2513 augeatur.
1060 2426 1147 2491 Otnn
1171 2434 1287 2491 autem
1315 2426 1406 2513 apud
1446 2427 1592 2492 comicos
1628 2446 1722 2511 pron.
1754 2427 1859 2491 subet.
1895 2427 2007 2512 ipsum
2044 2427 2248 2494 antecedens

592 2565 657 2607 non
683 2564 818 2628 semper
840 2543 875 2609 ui
899 2544 1068 2618 efferatur,
1095 2542 1157 2608 boc
1182 2563 1242 2627 pro
1266 2549 1355 2608 certo
1379 2541 1539 2607 affirmari
1564 2562 1633 2607 non
1658 2549 1776 2626 potest.
1813 2542 1911 2607 Pron.
1938 2543 1966 2608 si
2000 2543 2114 2609 uerbis
2148 2544 2248 2609 inter·

591 2658 683 2724 iactis
707 2659 869 2745 sequitur,
894 2681 933 2725 eo
958 2660 1066 2744 magis
1089 2661 1185 2744 quasi
1211 2659 1262 2723 sui
1287 2658 1370 2724 iuris
1393 2678 1466 2724 esse
1490 2666 1523 2723 et
1546 2657 1657 2723 efferri
1682 2657 1861 2723 crediderit
1884 2658 2065 2744 quispiam,
2083 2659 2176 2744 quod
2200 2661 2248 2725 ita

591 2795 658 2839 non
683 2797 755 2841 esse
779 2775 868 2847 inira
893 2773 1094 2841 uidebimus.

697 2876 752 2969 Vt,
777 2899 960 2977 antequam
985 2889 1139 2975 exempla
1170 2909 1419 2976 percenaemus,
1455 2889 1570 2974 aliquo
1606 2889 1705 2955 modo
1729 2887 1899 2976 appareat.
1925 2910 2000 2976 quae
2034 2893 2087 2958 uie
2110 2892 2246 2958 colloca·

588 3008 737 3073 tionibus
760 3008 1003 3092 pronominum
1027 3008 1296 3093 possessiuorurn
1320 3007 1409 3080 insit,
1434 3005 1477 3071 ab
1501 3025 1536 3070 re
1561 3026 1630 3070 non
1653 3006 1749 3072 abest
1772 3007 1928 3092 exempla
1962 3005 2117 3092 quaedam
2158 3008 2247 3074 inter
2290 3023 2292 3029 ·

533 3178 535 3182 .
589 3144 624 3188 se
647 3144 852 3208 comparare,
877 3124 935 3189 ubi
960 3144 1038 3189 cum
1063 3122 1181 3189 eodem
1207 3121 1421 3187 substautiuo
1445 3123 1539 3187 uarie
1562 3122 1825 3207 coniunguntur.

696 3239 817 3305 Verbis
839 3262 904 3306 meo
926 3240 1065 3322 periendo
1089 3238 1236 3324 aliquem
1263 3235 1461 3323 periculum,
1485 3238 1521 3302 in
1546 3258 1613 3323 quo
1637 3237 1724 3303 alius
1748 3245 1911 3312 uersatur,
1936 3238 2048 3324 ipsum
2074 3240 2245 3325 suscipere

588 3363 646 3421 aut
667 3377 747 3425 eum
772 3357 885 3442 ipsum
910 3362 1020 3441 neque
1043 3355 1148 3420 alium
1172 3353 1361 3439 periculum
1386 3353 1500 3420 subire
1534 3353 1752 3439 significatur,
1777 3354 2000 3438 quamobrem
2034 3355 2088 3420 uis
2128 3376 2246 3440 prono

588 3472 671 3537 mini
695 3472 813 3537 innata
836 3478 902 3555 est;
931 3474 965 3537 ll
986 3492 1037 3536 ex.
1055 3477 1208 3546 suntex.
1235 3491 1261 3534 c.
1288 3472 1344 3537 As.
1369 3472 1434 3536 457
1460 3470 1515 3536 Du
1538 3471 1629 3535 modo
1651 3491 1718 3534 meo
1736 3469 1933 3556 peric<a)lo,
1959 3490 2103 3555 qnorum
2129 3470 2157 3535 B
2181 3474 2246 3538 752

587 3589 665 3653 Meu
691 3589 818 3675 fiducia
841 3610 920 3671 opus
942 3588 1082 3654 madoci
1104 3594 1131 3652 et
1154 3609 1218 3652 meo
1238 3588 1358 3669 periclo
1380 3609 1446 3652 rem
1467 3607 1542 3669 pero
1565 3592 1599 3650 et
1624 3585 1660 3649 R.
1697 3586 1781 3650 1393
1817 3585 1869 3650 uis
1904 3586 2079 3673 anaphora
2091 3587 2113 3672 ¹)
2148 3606 2244 3674 auge

587 3712 650 3770 tur.
698 3705 783 3771 Aliis
807 3706 888 3771 locis
912 3706 940 3769 si
964 3705 1017 3770 uis
1041 3704 1149 3769 maior
1172 3703 1349 3769 efficienda
1371 3711 1478 3777 esta
1513 3701 1727 3768 substantiuo
1760 3702 1968 3768 disiunctum
2004 3704 2172 3771 antecedit
2206 3704 2243 3769 B.

586 3825 661 3900 599,
686 3822 746 3908 Op.
773 3824 838 3887 740
865 3821 1059 3905 (cbiasmus)
1085 3819 1243 3886 Periclem
1266 3820 1341 3885 aito
1364 3840 1440 3884 mcc
1462 3826 1514 3884 tuo
1537 3825 1601 3884 atat
1619 3820 1772 3902 pertusio,
1797 3818 1837 3885 R.
1867 3820 1943 3897 436,
1973 3819 2114 3886 111323
2146 3823 2245 3889 Taum

586 3960 649 4005 esse
682 3940 719 4005 ia
748 3938 904 4021 potiundo
935 3938 1091 4019 periclum
1125 3957 1187 4001 non
1224 3937 1275 4001 uia
1306 3936 1327 4000 i.
1364 3956 1391 4000 e.
1430 3935 1615 4021 proprium,
1652 3933 1736 3999 alios
1772 3942 1886 4001 autern
1923 3935 1957 4000 id
1993 3936 2106 4003 subire
2136 3938 2243 4025 cupis.

586 4054 783 4140 Numquam
808 4076 903 4141 pron.
930 4075 1018 4140 poss.
1045 4054 1133 4118 banc
1156 4069 1275 4117 uocem
1301 4052 1465 4137 sequitur.
1552 4104 1557 4113 ,

692 4172 890 4237 Pronomini
914 4170 1006 4255 apud
1031 4189 1149 4235 uocem
1171 4169 1357 4241 arbitratus,
1375 4168 1448 4234 siue
1469 4169 1546 4253 quis
1575 4189 1644 4233 rem
1668 4187 1729 4232 suo
1757 4167 1831 4232 siue
1847 4168 1986 4233 alterius
2002 4168 2141 4236 arbitrio
2158 4192 2243 4237 com·

586 4288 696 4364 mittit,
722 4288 775 4352 uis
798 4308 932 4371 semper
954 4288 1052 4361 inest,
1077 4283 1169 4371 quod
1194 4286 1281 4350 inter
1304 4285 1377 4350 eius
1400 4292 1434 4349 et
1456 4282 1595 4349 alterius
1634 4284 1825 4349 uoluntates
1861 4285 1946 4349 ratio
1981 4285 2136 4372 quaedam
2169 4307 2243 4353 con·

584 4405 687 4469 traria
711 4403 897 4480 intercedit,
922 4421 998 4487 quae
1024 4389 1124 4466 modo
1147 4400 1322 4466 obscurior
1344 4406 1396 4466 est
1418 4403 1481 4485 (ex.
1507 4420 1534 4465 c.
1569 4401 1595 4464 si
1633 4399 1836 4465 urbanitatis
1871 4421 1973 4465 causa
2011 4401 2053 4465 ad
2088 4410 2242 4487 rogatum

584 4518 807 4605 respondetur
846 4520 913 4584 Tuo
936 4518 1097 4583 arbitratu
1121 4522 1159 4582 ut
1183 4515 1258 4582 Aul.
1285 4518 1370 4600 641),
1391 4516 1498 4581 modo
1522 4538 1563 4582 ex
1588 4516 1755 4581 sententia
1791 4516 1888 4581 iacile
1923 4517 2091 4602 colligitur
2125 4520 2188 4603 (ex.
2214 4540 2241 4585 c.

584 4638 640 4702 As.
666 4638 731 4702 328
756 4657 900 4701 manaem
927 4635 996 4699 Tuo
1019 4635 1199 4718 arbitratu),
1224 4632 1326 4698 modo
1351 4633 1463 4698 uerbis
1499 4653 1658 4718 expressa
1685 4638 1744 4697 est.
1793 4634 1833 4697 21
1871 4633 1952 4698 locis
1987 4632 2092 4699 subst.
2128 4622 2241 4720 ipsum

583 4772 676 4839 pron.
710 4751 887 4825 antecedit,
913 4770 1059 4836 quorum
1083 4750 1119 4815 in
1143 4748 1347 4835 quibusdam
1366 4756 1403 4813 ut
1428 4751 1483 4813 As.
1511 4751 1584 4825 766,
1618 4747 1654 4812 B.
1681 4749 1755 4821 994,
1782 4746 1840 4833 Op.
1877 4749 1945 4813 494
1977 4749 2030 4814 uis
2069 4750 2257 4841 praecipua

583 4869 690 4933 maior
713 4888 818 4953 quarn
842 4868 877 4932 in
901 4867 976 4932 aliis
999 4874 1062 4941 est;
1099 4865 1270 4931 cbiasmus
1294 4864 1333 4929 R.
1361 4866 1448 4929 1356
1472 4864 1790 4940 Mensarumque,
1815 4864 1927 4946 linquo
1951 4867 2035 4950 quod
2056 4865 2140 4930 iuret
2161 4888 2240 4931 mcc.

585 4984 705 5050 Verbis
729 4983 907 5049 disiunctis
931 4984 984 5048 uis
1007 4988 1163 5067 augetnr3
1187 5004 1226 5047 ne
1248 4982 1409 5047 inseritur
1432 4980 1467 5045 in
1491 4980 1713 5066 questionem
1738 4979 1948 5065 indignantia
1972 4980 2033 5067 up.
2058 4982 2124 5047 688
2152 4983 2242 5049 Tuon

582 5101 777 5177 arbitraba,
802 5121 899 5184 aeque
923 5099 993 5163 uim
1018 5106 1120 5184 auget
1142 5098 1353 5164 intercedens
1377 5099 1413 5164 B.
1444 5100 1527 5165 1126
1551 5100 1618 5164 nnc
1641 5121 1697 5164 auo
1720 5121 1816 5186 aequae
1839 5100 2000 5166 arbitrata
2024 5107 2057 5167 et
2081 5100 2146 5167 Mo.
2166 5103 2240 5169 793.

584 5216 660 5281 Vno
683 5217 764 5291 loco,
791 5216 849 5281 ubi
874 5215 927 5280 uis
951 5216 1118 5280 contraria
1141 5235 1244 5299 quam
1283 5215 1431 5280 maxime
1466 5214 1648 5280 imminuta
1680 5222 1740 5296 est,
1777 5237 1871 5302 pron.
1908 5215 2128 5302 subsequitur
2163 5217 2240 5284 Am.

581 5334 642 5397 931
661 5332 770 5410 Mane,
784 5332 945 5398 arbitrata
962 5337 1013 5396 tam
1029 5331 1265 5397 iusiurandum
1282 5332 1373 5395 dabo.
1400 5330 1511 5396 Etiam
1529 5331 1698 5396 antecedit
1712 5331 1885 5416 genitiuus
1902 5332 2061 5411 attribui,
2076 5334 2135 5419 qui
2152 5333 2241 5400 hanc

689 5734 708 5797 ¹)
727 5737 1007 5789 &censueramus
1026 5751 1151 5803 sequens
1168 5738 1240 5802 (Lat
1260 5734 1396 5790 8111111111Β
1416 5733 1497 5803 peta
1516 5735 1588 5802 sqq.)
1605 5736 1783 5803 anaphoram
1803 5739 1906 5790 adesse
1925 5737 2057 5803 dico‚ubi
2077 5738 2106 5789 in
2126 5738 2240 5792 duobus

578 5824 635 5891 (uel
656 5825 797 5891 pluribus)
815 5825 1067 5878 coniunctionibus
1086 5825 1265 5879 attributinie
1283 5827 1369 5880 ambo
1388 5826 1528 5880 attributa
1545 5830 1597 5878 aut
1614 5828 1792 5879 antecedunt
1809 5832 1860 5880 aut
1879 5832 2050 5893 sequuntur;
2078 5828 2240 5880 contrarius

580 5914 668 5979 igitur
686 5915 834 5967 cbiasmus
853 5919 906 5968 est
