5650 7325
575 966 620 1036 50
1253 983 1360 1040 Martis
1378 983 1408 1040 P.
1428 983 1553 1040 Nilsson.

574 1149 630 1236 qui
652 1149 700 1214 mi
721 1149 758 1214 id
780 1170 906 1226 aarum,
940 1149 983 1214 cf.
1008 1148 1085 1213 Am.
1114 1148 1177 1212 113
1208 1148 1253 1212 Et
1275 1148 1341 1213 liaec
1364 1150 1400 1212 ob
1423 1169 1493 1212 eum
1516 1169 1581 1213 rem
1605 1168 1688 1228 noa·
1720 1147 1813 1211 alind
1849 1168 1945 1230 pron.
1979 1144 2122 1212 subiecti
2159 1147 2234 1212 uice

574 1266 723 1350 fungens
753 1263 923 1330 antecedit
953 1266 1029 1328 Am.
1057 1264 1128 1338 113,
1162 1263 1237 1328 Aul.
1263 1265 1326 1328 201
1351 1285 1437 1328 nunc
1459 1263 1511 1329 hic
1533 1285 1604 1328 eam
1625 1285 1701 1328 rem.
1748 1262 1799 1328 Ea
1833 1262 2000 1348 exempla,
2034 1263 2071 1327 in
2108 1263 2235 1347 quibus

574 1402 670 1467 pron.
695 1381 731 1445 in
755 1380 932 1445 enuntiato
956 1379 1113 1446 interiore
1136 1386 1229 1444 extat
1252 1379 1328 1444 aliis
1351 1379 1475 1457 uerbis,
1501 1398 1578 1464 quae
1603 1380 1734 1444 minore
1757 1379 1829 1443 iure
1860 1384 2126 1464 anteponuntur,
2153 1399 2233 1463 prae-

573 1496 782 1573 ocdentibus,
807 1495 897 1581 apud
935 1495 1095 1561 Plautum
1126 1517 1195 1560 non
1224 1496 1324 1581 plura
1358 1502 1439 1560 sunt
1461 1516 1565 1580 quam
1592 1496 1713 1580 uiginti
1737 1496 1891 1580 quinque
1914 1496 1987 1561 fere
2011 1495 2052 1560 de
2076 1495 2234 1560 ducentis

575 1633 685 1698 paene3
719 1612 810 1698 apud
843 1612 1039 1678 Terentium
1065 1612 1149 1677 ratio
1174 1612 1243 1677 lere
1267 1610 1386 1676 eadem
1411 1617 1470 1676 est.
1520 1611 1554 1676 si
1578 1612 1744 1697 exempla,
1770 1612 1828 1677 ubi
1853 1633 1948 1696 pron.
1974 1633 2052 1676 cum
2077 1611 2235 1676 substan:

574 1729 645 1793 tiuo
669 1729 889 1794 coniunctum
913 1749 982 1793 non
1006 1735 1065 1803 est,
1090 1727 1229 1793 collecta
1252 1737 1362 1805 erunt,
1386 1726 1478 1792 idem
1502 1728 1576 1793 sine
1600 1726 1703 1792 dubio
1727 1728 1863 1793 eueniet
1886 1736 1919 1794 et
1943 1728 2086 1792 fortusse
2110 1727 2234 1792 melius

574 1845 760 1931 apparebit,
784 1846 867 1930 quia
889 1844 993 1910 subet.
1019 1865 1080 1909 suo
1105 1844 1253 1929 pondere
1277 1865 1371 1929 pron.
1397 1844 1512 1928 aliquo
1537 1843 1637 1909 modo
1661 1844 1812 1922 cohibct;
1837 1865 1889 1908 ex,
1911 1865 1938 1908 c.
1963 1845 2068 1909 affero
2094 1843 2141 1908 St.
2167 1844 2234 1908 539

574 1981 622 2045 sq.
648 1961 678 2026 ei
693 1962 778 2045 filiae
800 1961 885 2026 Dure
907 1968 1000 2059 aaut
1023 1998 1074 2025 -.
1099 1982 1144 2026 coe
1166 1968 1258 2027 aaut
1281 1963 1402 2026 duobus
1425 1968 1533 2042 nupta
1549 1961 1724 2046 fratribus.

682 2076 792 2142 Causa
825 2097 886 2142 cur
920 2077 951 2141 ia
979 2097 1074 2162 pron.
1099 2077 1236 2140 initium
1267 2077 1434 2141 enuntiati
1464 2084 1563 2160 petat,
1589 2097 1630 2141 ea
1653 2083 1712 2152 est,
1737 2097 1816 2161 quae
1838 2076 1874 2140 in
1899 2076 2063 2162 prooemio
2088 2096 2236 2140 comme·

574 2198 704 2257 morata
739 2193 863 2278 saepius
894 2199 945 2258 est
977 2199 1010 2257 et
1040 2193 1075 2256 in
1099 2212 1255 2257 sermone
1278 2191 1478 2278 quotidiano
1502 2192 1658 2277 inprimis
1682 2200 1838 2277 apparet:
1863 2191 1906 2257 ab
1931 2213 1970 2257 eo
1994 2191 2087 2276 quod
2112 2200 2234 2255 notum

574 2316 625 2373 est
658 2307 794 2372 initium
830 2309 972 2393 capitur,
1008 2326 1041 2373 et
1075 2307 1110 2372 id
1146 2308 1238 2392 quod
1273 2297 1475 2393 pronomine
1506 2307 1536 2373 is
1559 2307 1757 2392 designatur
1781 2329 1914 2392 semper
1937 2317 2055 2372 uotum
2082 2316 2133 2373 est
2157 2306 2235 2392 (nisi

574 2423 701 2488 scilicet
734 2423 778 2489 ad
813 2426 1028 2489 enuntiatum
1064 2423 1245 2489 ralatiuum
1276 2445 1423 2509 sequens
1453 2424 1619 2508 refertur).
1667 2423 1751 2489 Haec
1776 2424 1828 2489 uis
1852 2423 2037 2508 incipiendi
2062 2423 2235 2509 praecipue

573 2540 609 2604 in
635 2540 885 2606 narrationibus
909 2549 1059 2625 apparet,
1091 2562 1169 2605 cum
1200 2541 1230 2606 ia
1255 2541 1403 2624 primum
1429 2540 1572 2605 uerbum
1597 2541 1762 2605 enuntiati
1787 2548 1838 2605 est
1861 2547 1895 2604 et
1917 2540 2113 2604 coniunctio
2137 2541 2235 2604 ornit-

574 2656 656 2720 titur
690 2677 741 2721 ex.
767 2677 793 2721 c.
820 2657 895 2720 Am.
925 2658 988 2721 100
1012 2658 1047 2722 Is
1068 2678 1155 2723 nunc
1178 2657 1373 2740 Amphitruo
1404 2665 1465 2722 etc.
1500 2663 1533 2721 et
1565 2656 1606 2720 iis
1631 2657 1721 2733 locis,
1747 2656 1804 2721 ubi
1831 2677 1925 2739 pron.
1951 2655 1986 2719 in
2012 2676 2119 2720 unum
2145 2676 2233 2719 corn-

574 2771 754 2856 prebcndit
787 2773 903 2837 omnia
939 2793 1016 2857 quae
1051 2779 1152 2838 antea
1186 2771 1276 2837 dicta
1311 2780 1400 2849 sunt,
1437 2780 1475 2837 ut
1509 2793 1560 2837 ex.
1586 2793 1613 2837 0.
1639 2775 1695 2836 Αθ.
1723 2773 1764 2837 13
1789 2774 1859 2837 Eos
1878 2811 1921 2819 -
1944 2794 2054 2847 moras,
2084 2770 2141 2835 Tc.
2167 2772 2235 2835 473

574 2888 659 2953 Εαηι
682 2909 768 2953 auno
790 2887 991 2973 mulitiam¹).
1040 2889 1148 2953 Multa
1163 2889 1228 2953 alia
1245 2888 1476 2973 praetermitte,
1494 2910 1604 2974 neque
1619 2909 1758 2966 causas,
1783 2909 1843 2953 cur
1867 2909 1962 2972 pron.
1990 2887 2160 2952 interdum
2187 2909 2234 2951 re·

514 3034 529 3044 ·
574 3003 681 3081 cedat,
705 3003 761 3070 hic
785 3004 943 3088 persequi
967 3025 1117 3090 possum,
1143 3003 1220 3070 licet
1244 3005 1359 3089 magni
1384 3005 1429 3071 sit
1452 3006 1626 3070 momenti.

1351 3273 1456 3356 HIC.

788 3472 882 3525 Subst.
904 3471 998 3539 ipsum
1019 3472 1163 3524 antecedit
1348 3472 1425 3538 apud
1444 3472 1577 3524 Plautum
1597 3472 1659 3539 582,
1678 3472 1755 3539 apud
1773 3471 1937 3524 Terentium
1958 3470 2011 3524 230

787 3560 1006 3615 asubstantino
1025 3567 1188 3629 separatum
1208 3561 1353 3613 antecedit
1460 3581 1470 3608 1
1599 3563 1660 3625 230,
1806 3582 1816 3607 ›
1975 3560 2017 3612 77.

787 3652 974 3718 subsequitur
1460 3673 1471 3699 ›
1601 3653 1660 3716 111,
1806 3671 1817 3697 ›
1975 3649 2018 3703 82.

788 3742 883 3795 uerbis
904 3743 1060 3796 interiectis
1079 3743 1209 3809 sequitur
1460 3762 1470 3788 ι
1616 3743 1660 3810 23,
1806 3761 1817 3788 1
1992 3740 2018 3792 8.

573 3880 626 3948 Ex
661 3882 715 3948 his
751 3885 901 3950 numeris
936 3884 989 3951 liic
1019 3905 1114 3971 pron.
1139 3886 1232 3971 apud
1263 3885 1461 3951 Terentium
1487 3886 1610 3970 sapius
1634 3885 1791 3970 postponi
1816 3905 1920 3969 quarn
1945 3882 2036 3968 apud
2061 3881 2232 3954 Plautum.

574 4002 682 4066 rarius
706 4010 819 4066 autem
845 4022 864 4066 a
888 4002 1103 4067 substantiuo
1126 4002 1274 4087 disiungi
1299 4010 1450 4089 apparet.
1498 4002 1611 4067 Subst.
1635 4003 1747 4087 ipsum
1773 3999 1977 4066 antecedens
2001 3999 2172 4064 interdum
2198 3999 2233 4063 ui

574 4117 747 4202 praecipua
770 4118 925 4197 offertum
950 4127 983 4185 et
1006 4119 1107 4203 quod,
1133 4120 1264 4184 utiam
1288 4119 1494 4193 commonui,
1522 4120 1573 4184 uie
1597 4139 1731 4203 semper
1749 4116 1907 4202 quaedam
1925 4117 2022 4194 inest,
2040 4137 2118 4201 quae
2135 4116 2234 4180 inter·

575 4231 655 4296 dum
682 4233 852 4318 praecipue
875 4242 1029 4319 augetur,
1047 4256 1153 4320 pron,
1174 4235 1307 4300 etiarnsi
1325 4235 1378 4300 uis
1394 4256 1464 4299 non
1482 4234 1590 4299 maior
1614 4255 1717 4318 quarn
1735 4234 1834 4298 solita
1850 4240 1909 4309 est,
1927 4232 1968 4297 ad
1987 4231 2093 4297 subet.
2111 4254 2147 4297 sc
2165 4253 2233 4296 non

574 4354 643 4425 tarn
668 4354 738 4413 arte
762 4348 917 4434 applicat.
966 4349 1080 4425 Quare
1104 4371 1198 4435 pron.
1224 4351 1285 4427 1110,
1311 4350 1442 4416 etiamsi
1468 4352 1502 4415 ui
1527 4351 1698 4436 praecipua
1721 4371 1790 4414 non
1814 4350 1964 4424 effertur,
1982 4370 2002 4414 a
2018 4348 2234 4413 substantiuo

574 4463 723 4550 disiungi
758 4473 877 4552 potest.
927 4467 1039 4543 Quam
1075 4467 1118 4532 ob
1150 4489 1221 4533 rom
1250 4467 1286 4532 in
1311 4467 1416 4532 uariis
1440 4466 1716 4532 collocationibus
1740 4465 1942 4531 adhibendis
1966 4465 2002 4529 in
2026 4465 2090 4529 hoc
2115 4485 2233 4549 prono·

575 4580 666 4645 mine
701 4589 801 4666 poeta
831 4602 899 4647 non
927 4589 998 4647 tarn
1023 4581 1181 4669 ponderis
1206 4590 1239 4649 et
1262 4583 1519 4669 significationis
1544 4584 1710 4651 rationem
1735 4583 1864 4660 habuit,
1888 4603 1993 4667 quam
2018 4601 2132 4646 rerum
2157 4581 2234 4646 alia·

575 4714 650 4761 rum
675 4705 714 4761 nt
737 4698 784 4763 rei
809 4698 955 4763 metrica¹
979 4705 1013 4764 et
1035 4699 1263 4766 collocationis
1287 4706 1474 4766 ceterorum
1500 4699 1691 4765 uerborum.
1733 4698 1798 4764 Hae
1821 4698 1969 4763 rationes
1993 4696 2145 4763 exhiberi
2166 4719 2232 4761 non

574 4821 727 4897 possunt,
753 4812 818 4879 nisi
853 4816 1010 4901 exempla
1042 4815 1240 4900 singillatim
1265 4817 1492 4892 excutiuntur,
1518 4815 1608 4900 quod
1633 4815 1668 4879 in
1693 4822 1788 4879 tanta
1811 4816 1910 4900 copia
1933 4814 1992 4878 uix
2016 4813 2089 4878 fieri
2113 4819 2233 4899 potest;

575 4966 617 4974 —
642 4929 759 4994 saltem
785 4931 918 4996 fructus
942 4953 1010 4997 non
1035 4938 1150 4996 tantus
1174 4933 1245 5008 erit,
1271 4939 1421 5016 quantus
1446 4931 1548 4996 labor.

681 5044 732 5109 Ea
748 5046 851 5129 igitur
867 5049 1031 5133 exempla,
1050 5047 1107 5113 ubi
1132 5069 1226 5133 pron.
1245 5047 1348 5112 subst.
1366 5047 1480 5132 ipsum
1500 5047 1677 5123 antecedit,
1692 5047 1824 5112 silentio
1842 5048 2076 5132 praetcrmitto;
2101 5045 2144 5111 de
2160 5045 2235 5111 aliis

574 5159 737 5225 notabilia
766 5160 837 5227 sola
868 5164 1022 5241 afferam,
1055 5185 1096 5229 ex
1121 5163 1245 5249 quibus
1270 5163 1417 5228 rationes
1441 5162 1627 5228 collocandi
1653 5185 1695 5228 ne
1719 5164 1754 5228 in
1779 5164 1843 5228 hoc
1867 5163 2004 5248 quidem
2032 5162 2233 5248 pronomine

575 5274 676 5360 plane
699 5276 895 5344 obscuratas
919 5300 992 5346 csse
1015 5280 1201 5365 apparebit.

826 5473 1049 5545 Pronomcn
1075 5473 1155 5545 HIC
1179 5494 1202 5545 a
1227 5474 1482 5545 snbstantiuo
1506 5476 1735 5564 separatum
1761 5474 1976 5547 antecedit.

685 5634 745 5701 Vis
779 5635 882 5702 huius
917 5636 1145 5702 collocationis
1181 5636 1216 5701 in
1252 5658 1291 5702 eo
1326 5636 1557 5721 deprenditur,
1595 5636 1686 5723 quod
1722 5638 1856 5723 pondus
1884 5639 2095 5724 praecipunm
2120 5638 2157 5702 in
2181 5638 2235 5703 his

576 5752 740 5835 exemplis
765 5752 956 5836 pronomini
983 5754 1107 5838 saepius
1130 5752 1276 5819 additur.
1325 5754 1379 5818 Sic
1403 5759 1463 5831 cst,
1488 5773 1566 5817 cnm
1594 5755 1721 5841 quidem
1744 5755 1897 5839 sequitur
1921 5754 1995 5819 Am.
2016 5756 2079 5819 736
2096 5755 2172 5820 Non
2197 5757 2236 5820 dc

686 5911 705 5974 Ι1
722 5913 766 5967 or.
781 5871 921 5981 arensi.
940 5915 958 5967 1.
978 5931 1005 5981 p.
1023 5914 1086 5968 sor.
