5650 7325
934 971 975 1023 lla
994 969 1181 1022 collocatione
1201 985 1281 1036 pron.
1300 967 1356 1021 adi.
1376 967 1453 1035 apud
1474 967 1606 1020 Plautum
1625 970 1655 1018 et
1673 965 1847 1017 Terentium.
2211 945 2229 1009 'i

577 1133 680 1199 uerba
711 1129 1013 1215 eiusdetpjmlirpis
1049 1129 1101 1194 uel
1138 1129 1255 1195 torma
1289 1127 1441 1193 eiusdem
1466 1126 1561 1191 uerbi
1586 1132 1711 1201 extant,
1737 1124 1853 1189 adesse
1878 1134 2027 1209 apparet,
2053 1125 2134 1209 00ἰο
2157 1125 2231 1209 ipsa

576 1247 821 1332 significatione
844 1246 986 1312 alterum
1012 1244 1056 1309 ad
1079 1247 1222 1309 alterum
1248 1265 1282 1308 se
1306 1243 1419 1321 refert,
1445 1264 1496 1309 ex.
1521 1264 1549 1308 c.
1577 1242 1691 1306 0016
1716 1263 1754 1306 ec
1777 1241 1904 1323 iupenio
1929 1242 2011 1306 ritulo
2042 1242 2162 1306 inciam
2185 1240 2232 1305 ia·

536 1408 538 1411 -
576 1365 708 1448 taeniam
729 1386 795 1430 000.
842 1362 905 1427 Το.
934 1362 1018 1426 1060
1044 1360 1125 1426 Hem
1148 1360 1219 1447 quis
1242 1366 1288 1424 eat
1309 1360 1368 1441 qui
1389 1359 1574 1425 mentionem
1591 1357 1678 1442 sacal
1693 1358 1783 1422 bomo
1799 1357 1935 1422 hominis
1951 1358 2079 1440 optumi.
2121 1355 2230 1421 Etiam

577 1482 640 1546 hoc
665 1479 765 1546 modo
788 1478 960 1544 chiasmus
985 1476 1021 1541 iit
1044 1496 1095 1542 ex.
1120 1495 1147 1539 c.
1173 1476 1229 1540 As.
1255 1476 1320 1539 210
1345 1497 1408 1540 meo
1433 1476 1471 1540 de
1493 1474 1599 1540 studio
1621 1474 1731 1538 studio
1761 1480 1851 1538 eraut
1874 1479 1984 1538 trustra
2018 1473 2134 1544 emnia.
2158 1472 2232 1538 003.

577 1598 642 1662 600
670 1596 770 1661 Taum
795 1593 1020 1661 arcessituram
1043 1613 1257 1657 mactaremur
1283 1613 1415 1672 uxorem
1440 1611 1538 1655 ineam
1549 1589 1579 1674 ¹).
1627 1589 1704 1665 Quo
1742 1596 1793 1653 est
1827 1587 1944 1673 lingua
1983 1589 2084 1654 latina
2120 1609 2234 1654 amore

578 1713 653 1776 talis
676 1712 734 1785 rei,
759 1708 891 1775 etiamsi
914 1708 1000 1773 ratio
1023 1706 1117 1771 nulla
1141 1706 1325 1778 intercedit.
1350 1705 1454 1770 uerba
1479 1704 1628 1770 eiusdem
1654 1704 1727 1769 soni
1753 1726 1856 1788 quam
1876 1707 2029 1789 proxima
2047 1716 2234 1789 ponuntur;

578 1824 749 1891 interdum
774 1825 863 1890 lusui
887 1823 1067 1894 uerborum
1093 1821 1242 1887 debetur.
1290 1821 1351 1886 Ex.
1376 1842 1404 1888 c.
1430 1820 1501 1886 Orc.
1535 1823 1600 1884 462
1635 1826 1820 1903 eupatorem
1855 1821 1995 1902 lepidum
2024 1821 2126 1903 lepide
2153 1822 2237 1887 banc

578 1948 712 2008 nactust.
758 1940 959 2006 Allitteratio
983 1958 1120 2023 quoque
1143 1958 1218 2022 quae
1243 1943 1383 2002 uocatur
1406 1936 1449 2002 ad
1466 1935 1719 2002 collocationem
1736 1936 1984 2001 immutandam
2004 1937 2102 2013 ualet,
2120 1959 2236 2021 quam·

579 2080 680 2144 quam
707 2057 771 2121 boo
795 2055 964 2121 difficilius
988 2055 1087 2119 certis
1111 2054 1275 2139 exemplis
1304 2052 1533 2127 confirmatur,
1569 2073 1620 2116 ex.
1646 2072 1673 2117 0.
1692 2051 1759 2117 Ost.
1797 2053 1861 2117 748
1886 2053 2043 2139 Eloquere
2065 2054 2149 2118 ende
2171 2054 2237 2120 iicet

578 2180 653 2238 aunt
678 2173 737 2238 tibi
760 2173 822 2237 cito
845 2171 1029 2254 crepundia,
1056 2169 1116 2255 Ep.
1142 2171 1207 2233 403
1231 2169 1414 2234 Diuoriunt
1436 2190 1536 2233 irroret
1564 2168 1690 2248 aimoini
1724 2170 1812 2251 leupo
1850 2188 1888 2234 ue
1922 2170 2012 2250 lepre.
2064 2168 2237 2233 interdum

582 2289 664 2353 ratio
688 2309 763 2372 quae
788 2285 966 2353 intercedit
987 2284 1224 2368 allitteratioue
1248 2284 1430 2350 uerborum
1455 2284 1564 2369 magis
1587 2281 1776 2349 ostenditur
1800 2295 1837 2348 ut
1873 2285 1938 2369 Mg.
1963 2286 2029 2350 008
2057 2286 2148 2366 Quod
2170 2306 2238 2351 eon·

582 2407 729 2470 cubicum
775 2404 881 2470 00000
916 2403 1106 2468 {narratore
1140 2423 1239 2467 uacua
1272 2424 1305 2466 m
1340 2401 1486 2467 Probri
1516 2401 1710 2484 perdicam.
1775 2399 1856 2466 Haec
1899 2400 2064 2485 principia
2099 2401 2239 2465 fuerunt

580 2520 682 2586 studii
707 2521 742 2584 iu
767 2520 883 2603 lingua
907 2519 1012 2583 latina
1034 2517 1101 2583 late
1126 2517 1271 2602 patentis
1295 2516 1399 2581 uerba
1423 2515 1537 2601 aliquo
1563 2515 1662 2581 modo
1698 2515 1822 2580 similia
1854 2537 1958 2601 quam
1995 2516 2149 2602 proxima
2183 2538 2227 2603 po

582 2635 693 2711 nendi,
719 2643 757 2701 ut
779 2655 852 2699 rem
875 2633 1061 2719 generatim
1087 2633 1207 2698 dicam.
1255 2632 1316 2697 Ex.
1341 2653 1368 2697 c.
1394 2633 1421 2696 si
1447 2632 1700 2697 substautiuum
1735 2631 1785 2697 bis
1809 2632 1845 2696 in
1868 2633 2043 2698 enuntiato
2068 2635 2238 2718 ropetitur,

582 2774 612 2818 u.
631 2774 682 2816 ex.
700 2749 801 2815 allata
816 2757 850 2815 et
865 2749 927 2836 Cp:
943 2751 1008 2814 640
1025 2749 1226 2815 Philocrates
1241 2750 1309 2814 iam
1324 2749 1399 2814 inde
1426 2770 1525 2832 00000
1548 2749 1671 2814 amicus
1691 2748 1761 2831 seii
1785 2749 1866 2814 mibi
1882 2773 1901 2811 u
1924 2771 2020 2830 puero
2043 2771 2139 2832 prtem
2160 2770 2239 2834 prse-

582 2868 730 2933 ‹iicatum
755 2868 801 2931 St.
827 2867 891 2931 608
915 2872 1020 2931 utrem
1045 2864 1104 2930 libi
1127 2866 1208 2930 lubet
1231 2866 1328 2930 etiem
1350 2886 1436 2930 nune
1470 2887 1582 2946 cupere
1610 2886 1686 2944 cepe
1716 2865 1932 2946 prouinciam.
1982 2864 2082 2929 Aliud
2121 2866 2240 2950 priuci-

582 2985 687 3069 pium‚
712 3002 732 3046 a
756 3003 824 3067 quo
848 2981 912 3047 hoo
935 2979 1085 3046 studium
1112 2981 1301 3063 profectum
1333 2988 1392 3053 est,
1420 2980 1486 3045 luit
1521 2980 1629 3063 ligura
1659 2979 1883 3064 etymologica
1918 3002 1993 3066 quae
2029 2989 2179 3054 uocatur,
2206 2984 2238 3047 iu

583 3120 651 3185 qua
674 3098 898 3172 accusatiuus,
924 3096 951 3160 si
976 3102 1075 3161 uetus
1098 3094 1271 3161 collocatio
1296 3103 1498 3169 asseruntur,
1526 3094 1744 3178 praedicatum
1770 3096 1882 3180 ipsum
1908 3096 2085 3161 antecedit.
2134 3097 2194 3162 Ex.
2212 3119 2240 3164 c.

583 3215 659 3279 Aul.
685 3214 749 3295 092
773 3213 828 3300 qui
851 3213 978 3278 emanti
1001 3233 1053 3276 ero
1076 3211 1261 3276 seruitutem
1283 3212 1391 3277 0000.

690 3328 729 3393 Iu
754 3326 1014 3414 pronominibus
1038 3327 1207 3412 imprimis
1230 3327 1295 3392 hoc
1325 3324 1477 3392 studium
1515 3334 1664 3411 apparet.
1703 3348 1777 3421 0000
1815 3349 1964 3413 persaepe
1999 3329 2242 3396 continuantur

584 3468 634 3511 ex.
660 3467 686 3510 c.
713 3444 750 3508 B.
775 3446 841 3508 503
871 3446 923 3508 Nc
945 3445 1004 3509 eta
1028 3444 1112 3508 00ιο
1134 3444 1236 3508 tercie
1259 3465 1329 3508 ecem
1351 3444 1713 3523 0001000000010
1747 3435 1811 3526 Qui
1845 3445 1890 3508 ud
1924 3446 2008 3509 lirtnc
2030 3447 2156 3511 modum
2179 3447 2244 3513 tac

584 3563 635 3627 hic
658 3582 728 3643 quoe
749 3561 864 3641 sutura
881 3560 1034 3642 fabalem·
1069 3559 1113 3623 ci.
1139 3558 1270 3624 scholas
1295 3556 1471 3623 Rursrorr⁸
1492 3558 1515 3645 ξ
1539 3561 1602 3623 208
1628 3560 1662 3622 iu
1688 3561 1753 3624 line
1778 3570 1807 3624 ol
1833 3559 1855 3645 ξ
1879 3560 1944 3624 4Ῑο
1980 3561 2013 3624 iu
2044 3561 2111 3624 fine
2169 3561 2244 3627 Hoc

584 3678 626 3742 ad
658 3676 909 3742 collocationem
935 3677 1111 3741 solennem
1148 3676 1387 3760 pronominum
1425 3676 1692 3761 possessiuorurn
1729 3675 1900 3741 interdum
1937 3676 2049 3742 ualere
2082 3699 2114 3741 u.
2146 3679 2242 3743 iulra.

584 3794 623 3859 Iu
664 3792 828 3877 exemplis
862 3790 972 3857 allatis
1007 3792 1211 3877 pronomina
1246 3792 1357 3856 forma
1392 3790 1494 3856 simili
1530 3800 1635 3867 eraut,
1682 3812 1787 3876 quare
1834 3792 1898 3856 boc
1932 3791 1974 3856 ad
2015 3815 2054 3856 ea
2093 3793 2244 3858 continu·

585 3909 674 3975 auda
720 3908 867 3973 ualuisse
902 3915 1167 3973 consentaneum
1202 3914 1261 3983 est,
1287 3907 1329 3973 ad
1362 3907 1453 3994 quod
1490 3908 1606 3993 lingua
1642 3907 1746 3972 latina
1780 3928 1913 3992 semper
1949 3929 2055 3993 prona
2087 3912 2150 3987 es't;
2186 3910 2245 3975 300

585 4026 691 4091 etiam
710 4025 775 4089 alia
800 4025 1003 4109 pronomina
1026 4044 1128 4108 quam
1155 4024 1308 4109 proxime
1332 4022 1491 4089 accedere
1515 4022 1632 4096 solent,
1658 4030 1696 4087 ut
1725 4025 1845 4114 formae
1869 4025 1971 4088 variae
2005 4026 2244 4109 pronominum

586 4140 824 4227 personalium,
850 4161 901 4205 ex.
927 4160 953 4204 0.
980 4139 1051 4205 Cre.
1082 4141 1143 4205 163
1168 4140 1253 4205 Siste
1276 4162 1332 4223 epo
1357 4140 1486 4205 citime
1509 4141 1642 4205 etmihi
1666 4125 1776 4205 contre
1801 4141 1907 4205 itidem
1934 4142 1987 4226 <tu
2011 4139 2057 4224 le>
2083 4148 2118 4205 at
2151 4142 2248 4207 siatae

586 4255 745 4339 saedeob.
794 4256 1000 4319 Pronomiua
1039 4254 1230 4341 personalia
1266 4262 1299 4321 et
1332 4256 1525 4340 possessiua
1559 4257 1802 4321 continuantur
1838 4277 1888 4320 ex.
1926 4276 1952 4320 c.
1991 4256 2056 4341 Mg.
2098 4258 2156 4320 lbi
2193 4280 2247 4340 epo

587 4381 696 4437 eostre
713 4373 843 4455 seciam
867 4372 970 4435 lutera
993 4368 1123 4454 loreeb.
1172 4370 1210 4435 Iu
1236 4371 1361 4436 talibus
1392 4392 1528 4455 000000
1564 4371 1728 4456 exemplis
1764 4372 1859 4443 ratio,
1896 4393 1971 4456 quae
2007 4372 2094 4436 iuter
2129 4394 2246 4457 prono·

589 4488 681 4552 mina
704 4486 890 4560 intercedit,
916 4487 1031 4571 magni
1056 4487 1219 4552 momenti
1244 4496 1294 4552 est
1318 4495 1350 4552 et
1379 4487 1586 4572 principium
1621 4508 1695 4551 eam
1733 4488 1837 4552 fuisse
1873 4486 2054 4551 uerisimile
2088 4498 2146 4553 est.
2195 4488 2247 4552 Or.

588 4625 638 4669 ex.
676 4625 702 4667 o.
747 4601 820 4667 Cas.
857 4604 922 4668 328
957 4611 1014 4668 tue
1048 4603 1130 4667 mibi
1165 4604 1303 4668 odiosust
1336 4604 1466 4679 amulio,
1502 4602 1561 4667 ubi
1597 4602 1855 4688 pronominibus
1890 4603 2046 4667 contrarii
2084 4602 2246 4687 quiddam

588 4720 690 4797 inest;
727 4719 762 4783 iu
786 4717 860 4783 aliis
885 4727 997 4783 autom
1024 4718 1118 4783 utin
1156 4718 1319 4803 exemplis
1343 4740 1384 4784 ex
1409 4718 1446 4782 B.
1472 4739 1575 4803 supra
1609 4717 1719 4783 allatis
1743 4718 1819 4783 talis
1851 4718 1934 4783 ratio
1966 4740 2033 4783 non
2066 4720 2248 4784 inuenitur.

697 4834 771 4898 Hac
795 4834 946 4900 studium
971 4834 1077 4899 uerba
1101 4834 1226 4899 similia
1249 4855 1352 4919 quam
1380 4835 1535 4919 proxima
1558 4833 1744 4898 collocandi
1770 4834 1870 4899 etiam
1898 4835 2006 4930 magi-sx
2024 4834 2114 4920 apud
2134 4842 2248 4920 politas

590 4950 753 5034 elegiacos
777 4958 928 5035 apparet,
952 4950 1043 5036 apud
1068 4972 1153 5035 quos
1177 4949 1336 5016 omuibus
1361 4960 1478 5015 notum
1504 4958 1562 5015 est.
1611 4949 1759 5014 Nomina
1784 4950 1919 5034 propria
1942 4924 2043 5016 exc
2069 4949 2131 5014 Ou.
2150 4950 2249 5017 Trist.

590 5065 647 5140 ΙΙΙ,
674 5068 703 5141 8,
729 5068 750 5128 0
773 5066 843 5129 ciue
866 5072 945 5136 teas,
972 5067 1098 5133 Persea.
1117 5066 1260 5141 Dedere,
1285 5067 1354 5132 siue
1377 5073 1466 5147 laea·
1490 5066 1657 5131 adiectiua
1680 5066 1753 5130 Tib.
1780 5065 1804 5138 Ι,
1834 5069 1860 5144 l,
1885 5067 1906 5129 3
1934 5066 2030 5146 Quem
2054 5067 2143 5131 labor
2166 5067 2250 5133 uaci-

590 5185 674 5247 duaa
703 5182 809 5246 uicino
834 5188 949 5245 terreat
972 5181 1064 5248 boote.
1114 5181 1147 5243 Si
1173 5203 1281 5257 uoces,
1308 5204 1384 5268 quae
1408 5183 1511 5266 00οι0
1539 5183 1701 5267 proximae
1726 5191 1909 5267 ponuntur,
1934 5203 2012 5247 cum
2029 5203 2090 5246 suo
2108 5203 2251 5267 000000

701 5441 719 5504 ¹)
738 5443 794 5494 Res
814 5442 913 5494 eadem
934 5448 980 5493 est
998 5442 1027 5493 iu
1048 5442 1154 5507 linguis
1173 5459 1241 5495 osca
1260 5447 1289 5495 et
1303 5445 1431 5495 umbrica
1444 5460 1489 5496 ox.
1503 5460 1526 5495 0.
1540 5460 1563 5496 0.
1579 5444 1630 5495 Ab.
1644 5444 1679 5496 53
1697 5442 1809 5495 alutem
1832 5442 1946 5495 ulitrum
1968 5442 2069 5494 olibula
2089 5442 2205 5507 iteratim,
2223 5443 2253 5495 18

593 5548 618 5583 u.
640 5549 665 5597 p.
687 5530 728 5590 11;
753 5531 899 5583 cbiasmus
919 5537 938 5582 t.
958 5531 998 5596 ig.
1020 5532 1087 5584 Vla
1106 5532 1122 5583 2
1142 5548 1168 5583 0.
1189 5548 1214 5598 p.
1237 5532 1278 5597 10;
1304 5534 1340 5584 ci.
1362 5534 1491 5585 Luouuu
1512 5534 1528 5585 l.
1548 5533 1565 5585 l.

699 5628 720 5692 ²)
739 5630 843 5694 blegne
862 5629 944 5695 eopia
963 5629 1161 5695 exemplorum
1182 5631 1212 5681 in
1232 5630 1485 5684 dissertationibus
1504 5632 1540 5684 de
1561 5632 1763 5698 pronominum
1791 5630 1978 5682 collocatione
2004 5629 2153 5681 Militaui
2173 5629 2252 5696 (Gry-

594 5718 764 5784 phisualdiae
784 5718 864 5781 1876)
882 5725 912 5770 et
929 5719 1039 5770 Rutuli
1057 5720 1173 5785 (Lipsiae
1194 5719 1273 5781 1870)
1291 5720 1448 5773 inuenitur.

700 5813 720 5877 ³)
739 5815 803 5867 Alia
822 5816 955 5882 exempla
975 5833 1001 5869 u.
1021 5818 1098 5883 apud
1119 5818 1299 5869 Kaumvn
1321 5818 1360 5869 De
1381 5820 1582 5884 pronominum
1599 5819 1790 5884 personalium
1807 5833 1860 5869 usu
1874 5823 1903 5869 at
1916 5817 2104 5868 collocatione
2116 5816 2253 5879 (Berolini

595 5902 673 5966 1886)
692 5921 717 5970 p.
739 5903 772 5955 10
791 5920 862 5971 300,
881 5905 938 5970 qui,
958 5922 1015 5971 quo
1034 5906 1136 5958 ordine
1156 5907 1287 5959 collocari
1308 5907 1430 5974 soleant,
1450 5908 1550 5959 eodem
1572 5907 1633 5959 loco
1654 5908 1781 5960 exhibet.

700 6017 789 6064 tunes
809 6018 881 6065 univ.
901 6005 1035 6065 irenae.
1073 6020 1146 6066 rom.
1165 6020 1291 6066 xxxvu.
2127 6012 2144 6064 2
