5650 7325
951 1001 993 1052 De
1013 1001 1201 1053 collocatione
1221 1017 1302 1068 pron.
1321 1002 1378 1055 adi.
1396 1003 1474 1068 apud
1494 1003 1627 1055 Plautum
1646 1005 1676 1054 et
1695 1003 1871 1055 Terentium.
2196 988 2239 1050 47

578 1161 627 1229 est
649 1161 780 1234 bomo?;
816 1159 938 1244 quodsi
963 1160 1218 1226 consideramus
1241 1181 1320 1226 eum
1344 1161 1403 1247 qui
1429 1163 1550 1246 quaerit
1573 1161 1615 1227 de
1638 1182 1679 1227 ea
1702 1163 1776 1247 ipsa
1800 1183 1945 1247 persona
1968 1164 2022 1229 uel
2040 1184 2076 1229 re
2092 1185 2242 1248 quaerere

578 1295 657 1361 quae
680 1297 758 1360 quae
782 1277 825 1341 sit
850 1276 1051 1360 pronomine
1075 1274 1244 1353 delinitur,
1269 1278 1340 1341 uim
1366 1276 1541 1362 quandam
1565 1300 1607 1344 ex
1631 1300 1671 1343 eo
1694 1279 1781 1344 effici
1817 1278 1984 1357 uidemus,
2018 1279 2108 1364 quod
2146 1301 2241 1366 pron.

579 1393 668 1458 dem.
694 1393 837 1458 uerbum
862 1398 921 1470 est,
940 1392 981 1457 de
1006 1413 1074 1477 quo
1099 1393 1241 1475 quaestio
1265 1393 1385 1478 agitur.
1434 1393 1485 1459 Of.
1511 1416 1563 1460 ex.
1588 1415 1616 1461 c.
1641 1395 1681 1461 R.
1704 1396 1787 1460 1062
1815 1396 1939 1461 Tuosne
1961 1396 2014 1461 ln'c
2035 1419 2143 1462 seruos
2166 1398 2242 1479 est?,

581 1509 637 1574 ubi
662 1529 757 1594 pron.
784 1530 871 1594 poss.
897 1529 936 1572 eo
960 1508 995 1572 ui
1020 1510 1169 1583 effertur,
1196 1508 1287 1592 quod
1312 1508 1353 1574 de
1377 1530 1417 1574 eo
1441 1511 1614 1595 quaeritur.
1662 1510 1877 1576 Pronominis
1900 1518 2014 1576 tsrnen
2031 1511 2243 1597 demonstra·

579 1625 639 1689 tiui
666 1625 719 1690 uis
743 1626 855 1689 minor
877 1632 926 1691 θεῖ
951 1626 987 1690 in
1010 1624 1064 1689 his
1088 1625 1261 1710 exemplis.
1311 1625 1350 1690 ln
1374 1632 1489 1691 nostra
1512 1646 1649 1711 quoque
1673 1626 1790 1712 lingua
1824 1627 2091 1692 demonstratiuo
2126 1629 2161 1693 in
2197 1637 2242 1695 ta·

579 1740 669 1807 libus
692 1741 858 1826 exemplis
882 1741 953 1805 uim
979 1742 1088 1807 inesse
1112 1763 1153 1808 ex
1178 1761 1217 1806 eo
1241 1750 1392 1827 apparet,
1418 1741 1511 1826 quod
1532 1763 1594 1807 nos
1611 1741 1645 1806 id
1663 1742 1939 1809 circumscribere
1966 1744 2113 1809 solemus
2130 1744 2243 1811 uerbis

581 1856 692 1923 ‹hvad
718 1867 756 1922 ttr
779 1856 836 1922 dat
859 1858 914 1922 for
937 1878 980 1922 en
1005 1884 1079 1921 -›.
1127 1856 1267 1922 Talibus
1291 1858 1395 1941 igitur
1431 1857 1512 1922 locis
1547 1879 1643 1942 pron.
1680 1857 1768 1923 dem.
1805 1831 1877 1922 uim
1914 1859 2087 1943 quandam
2124 1860 2242 1928 habeti

580 1996 685 2061 quare
708 1974 852 2053 uerbum
878 1974 1142 2051 substantiuum,
1167 1972 1259 2058 quod
1283 1973 1477 2039 erreliticum
1503 1981 1553 2039 est
1577 1995 1687 2059 neque
1711 1975 1926 2039 enuntiatum
1961 1975 2117 2042 claudere
2148 1981 2242 2046 solet'

580 2091 680 2156 inseri
707 2111 768 2176 par
791 2098 849 2156 θεῖ.
897 2090 951 2156 Sic
975 2090 1047 2155 Orc.
1073 2091 1148 2163 681,
1173 2090 1235 2174 Ep.
1263 2091 1337 2169 102,
1363 2089 1430 2174 Mg.
1456 2091 1531 2167 282,
1557 2090 1617 2154 Pn.
1647 2093 1741 2165 1146,
1785 2091 1850 2156 Vbi
1879 2092 1909 2157 is
1943 2093 2127 2159 esthemo?
2169 2083 2241 2162 Crc'

579 2209 654 2281 652,
680 2207 719 2272 R.
744 2209 820 2284 391,
846 2208 933 2288 Quid
965 2214 1029 2272 cort
1062 2212 1192 2289 arpento
1207 2207 1364 2289 sactum?
1388 2206 1452 2271 Mo.
1479 2207 1553 2272 636.
1602 2205 1731 2282 Quodsi
1756 2206 1899 2272 uerbum
1937 2207 2039 2274 breue
2076 2211 2239 2297 monosyl-

579 2324 706 2399 labum,
731 2323 823 2409 quod
846 2323 877 2389 is
899 2321 1078 2398 antecedit,
1104 2323 1173 2388 ictu
1198 2323 1329 2400 feritur,
1356 2322 1500 2408 legimus
1528 2324 1609 2403 Quis
1632 2324 1662 2388 is
1685 2324 1827 2389 homost?
1862 2323 1931 2389 Mn.
1957 2326 2032 2402 660,
2064 2325 2132 2412 Mg.
2169 2330 2231 2393 176

580 2440 634 2506 Ps.
661 2442 736 2505 984.

687 2556 791 2621 Porro
814 2557 868 2621 uis
891 2557 1070 2642 perspicua
1094 2563 1154 2629 est,
1179 2554 1236 2621 ubi
1262 2577 1357 2640 pron.
1384 2555 1473 2622 dem.
1496 2557 1609 2622 solum
1633 2556 1714 2622 satis
1738 2564 1797 2634 θεῖ,
1823 2556 1883 2621 sed
1906 2563 1944 2621 ut
1979 2557 2112 2641 plenius
2147 2568 2245 2626 sonet

580 2673 883 2758 uehementiusque
922 2675 1092 2750 efferatur,
1125 2674 1230 2739 subet.
1271 2672 1417 2738 additur.
1466 2672 1535 2737 Nos
1577 2673 1685 2757 «just»
1724 2671 1910 2758 adiungere
1949 2693 2140 2758 possumus.
2189 2676 2244 2742 Sic

581 2811 643 2874 pro
665 2813 698 2855 eo
723 2789 757 2855 ui
783 2789 908 2855 maiore
943 2798 1119 2875 ponuntur
1142 2811 1179 2856 ea
1203 2828 1243 2837 -
1267 2790 1376 2873 qratia
1400 2798 1434 2854 et
1456 2810 1495 2854 ea
1517 2826 1560 2836 —
1584 2811 1692 2854 ceusu.
1740 2788 1794 2853 Ad
1817 2788 1853 2853 id
1877 2788 1968 2874 quod
2002 2790 2163 2875 praecedit
2198 2813 2242 2857 re-

584 2907 742 2971 feruntur
777 2905 854 2970 Aul.
890 2908 964 2982 267,
1003 2906 1071 2971 Mn.
1109 2908 1184 2983 802,
1222 2906 1285 2970 An.
1321 2907 1398 2979 433,
1436 2904 1499 2970 Hc.
1534 2906 1609 2970 348.
1667 2905 1707 2970 ln
1747 2904 1823 2970 aliis
1862 2905 2028 2991 exemplis
2063 2906 2106 2972 sd
2141 2929 2244 2973 enun-

580 3023 702 3088 tiatum
727 3043 873 3108 sequens
909 3044 1003 3108 pron.
1030 3029 1172 3107 spectat:
1207 3023 1283 3088 Aul.
1309 3024 1362 3096 32,
1399 3022 1491 3107 (Mrc.
1530 3023 1595 3086 223
1629 3021 1839 3106 restituitur),
1869 3021 1932 3087 Hc.
1963 3024 2044 3101 265;
2082 3023 2125 3088 ci.
2144 3045 2243 3109 porro

582 3138 656 3203 Aul.
682 3140 748 3204 575
772 3145 805 3204 et
829 3138 909 3204 Mrc.
935 3141 1009 3204 623.
1058 3139 1158 3204 Pron.
1185 3145 1213 3205 is
1235 3146 1269 3204 et
1292 3141 1392 3216 bomo,
1418 3159 1494 3224 quae
1520 3137 1625 3203 uerba
1648 3159 1738 3223 saepe
1762 3158 1823 3222 pro
1847 3138 2050 3222 pronomine
2073 3139 2144 3204 solo
2168 3161 2243 3204 con-

579 3255 695 3320 iuncta
717 3254 932 3331 adhibentur,
956 3256 1146 3321 continuari
1172 3256 1291 3336 solent,
1304 3262 1338 3320 et
1361 3255 1389 3320 si
1413 3254 1667 3325 continuantur,
1681 3275 1776 3338 pron.
1802 3275 1872 3318 non
1897 3254 1963 3319 nisi
1988 3276 2064 3319 raro
2088 3256 2123 3320 ui
2148 3257 2242 3320 effer·

580 3379 635 3436 tur
657 3392 709 3436 ex.
735 3392 761 3437 c.
788 3370 840 3437 Ρε.
868 3373 931 3436 148
956 3372 1083 3458 Ecquid
1106 3373 1134 3437 ic
1156 3373 1246 3437 tomo
1268 3372 1398 3438 scitust?
1474 3370 1659 3436 Disiunctis
1683 3371 1736 3436 uis
1759 3377 1904 3455 augetur
1928 3371 1983 3436 Αε.
2009 3373 2074 3436 348
2099 3375 2244 3437 sedeam

578 3510 644 3553 sare
665 3510 728 3553 non
751 3509 841 3553 nosse
863 3488 1018 3553 borninem
1042 3488 1187 3570 quistet.
1235 3486 1274 3552 In
1299 3488 1396 3552 initio
1420 3493 1516 3553 actus
1540 3487 1652 3572 quarti
1678 3485 1809 3571 Epidici
1836 3485 1958 3551 mulier
1987 3508 2103 3552 senem
2139 3509 2242 3573 quern

580 3604 701 3690 quaerit
731 3611 911 3690 postquam
936 3603 1123 3689 descripsit,
1149 3603 1285 3669 dicitu.
1312 3605 1377 3669 536
1412 3604 1575 3670 Pervelim
1608 3605 1777 3670 mercedem
1802 3605 1891 3680 dore,
1916 3604 1972 3687 qui
1994 3610 2144 3669 monstret
2173 3627 2244 3671 eam

579 3727 625 3787 mi
652 3722 808 3787 bominem
831 3728 888 3786 aut
911 3721 1222 3799 ennumquam
1254 3722 1325 3785 fere
1360 3721 1422 3786 Pn.
1459 3721 1538 3799 5933
1575 3719 1811 3807 explicationis
1844 3741 1948 3785 causa
1982 3720 2043 3785 Pn.
2080 3721 2159 3799 904;
2208 3722 2243 3785 in

579 3836 825 3922 quaestionibus
855 3837 928 3902 Orc.
954 3840 1030 3920 581,
1054 3839 1130 3915 652,
1155 3838 1198 3901 ct.
1225 3858 1337 3922 supra.
1385 3836 1448 3901 Tn.
1488 3838 1573 3901 1022
1611 3838 1700 3901 Inter
1733 3858 1823 3901 eosne
1850 3837 1990 3903 hominos
2027 3838 2118 3903 ualet
2152 3837 2242 3902 idem

449 3954 455 3964 '
579 3975 620 4019 ac
643 3955 730 4020 tales.
779 3953 864 4019 Haec
888 3955 1045 4041 exempla
1068 3955 1109 4019 iis
1133 3974 1237 4039 qnam
1263 3952 1418 4040 proxime
1442 3952 1619 4031 accedunt,
1643 3952 1679 4018 in
1704 3951 1829 4038 quibus

1103 4190 1139 4253 B.
1189 4188 1434 4255 Substantiam
1457 4189 1562 4253 abesse
1579 4192 1714 4270 poterat.

688 4365 753 4432 Sed
771 4367 843 4432 haec
859 4368 1016 4452 exempla
1031 4368 1065 4432 in
1084 4366 1151 4432 alia
1166 4365 1366 4432 condicione
1382 4373 1464 4432 sunt
1479 4373 1582 4451 atque
1599 4386 1648 4444 ea,
1666 4387 1742 4449 quae
1756 4386 1859 4450 supra
1872 4365 2025 4440 tractam,
2043 4366 2123 4450 quia
2140 4366 2175 4430 in
2190 4366 2243 4430 his

581 4504 649 4547 non
674 4490 743 4547 tarn
769 4504 862 4567 pron.
891 4482 924 4548 ui
949 4484 1100 4559 effertur,
1125 4504 1228 4569 quam
1254 4482 1359 4548 subst.
1385 4482 1637 4568 perspicuitatis
1660 4501 1763 4547 causa
1787 4502 2077 4566 superuacaneum
2095 4480 2241 4546 additur.

579 4598 725 4664 Causam
751 4620 792 4664 ex
816 4620 856 4665 eo
882 4609 968 4684 peto,
994 4599 1084 4685 quod
1110 4600 1258 4685 primurn
1284 4620 1380 4684 pron.
1405 4598 1612 4664 substantiui
1636 4598 1709 4663 loco
1741 4598 1890 4683 ponitur,
1923 4597 2021 4682 quasi
2055 4604 2095 4662 ut
2131 4596 2242 4661 solum

580 4722 680 4792 extet,
706 4714 829 4781 deinde
852 4723 966 4781 autern
993 4716 1243 4801 perspicuitatis
1267 4722 1301 4780 et
1337 4714 1552 4780 uerbositatis
1587 4713 1753 4779 sermonis
1788 4713 1980 4799 quotidiani
2001 4713 2110 4798 gratia
2136 4712 2241 4779 subst.

579 4852 716 4916 quoque
747 4833 941 4917 apponitur,
966 4854 1069 4918 qnam
1094 4832 1138 4898 ad
1162 4854 1233 4897 rem
1257 4833 1292 4897 in
1318 4837 1434 4897 nostra
1457 4851 1594 4916 quoque
1618 4829 1736 4915 lingua
1759 4829 1917 4914 propensi
1953 4849 2080 4894 sumus.
2133 4827 2245 4894 Causa

580 4968 661 5032 ergo
685 4947 790 5012 uerba
813 4947 1031 5032 disiungendi
1057 4950 1091 5013 in
1115 4949 1170 5014 bis
1194 4948 1359 5033 exemplis
1383 4946 1451 5011 alia
1475 4953 1526 5012 est
1549 4956 1651 5031 atque
1675 4945 1711 5010 in
1736 4946 1786 5022 iis,
1805 4964 1882 5031 quse
1899 4952 2000 5011 antea
2016 4946 2193 5030 percensui
2210 4951 2244 5010 et

581 5084 658 5148 quae
675 5070 879 5148 sequuntur;
914 5064 950 5129 in
976 5086 1015 5129 eo
1039 5071 1153 5130 tamen
1178 5063 1303 5130 similia
1326 5070 1417 5139 sunt,
1435 5062 1526 5147 quod
1556 5084 1651 5148 pron.
1670 5062 1799 5147 priores
1815 5068 1928 5146 partes
1944 5061 2124 5145 maiusque
2140 5060 2244 5126 habet

582 5187 804 5245 momentum.
852 5180 891 5245 in
917 5180 1065 5266 prologis
1088 5181 1245 5266 inprimis
1269 5179 1467 5245 huiusmodi
1485 5178 1640 5264 exempla
1656 5178 1892 5255 inueniuntur,
1910 5178 1945 5241 in
1962 5176 2097 5261 quibus,
2115 5176 2243 5261 quippe

581 5296 639 5381 qui
665 5295 740 5361 ideo
764 5296 966 5374 dicerentur,
991 5305 1266 5382 inspectatores,
1292 5295 1464 5381 quomodo
1488 5294 1645 5359 homines
1669 5302 1702 5358 et
1737 5314 1789 5358 res
1824 5292 1912 5358 inter
1935 5314 1970 5357 se
2006 5293 2084 5356 nexi
2120 5299 2242 5369 essent,

582 5419 669 5477 recte
693 5420 856 5489 tenerent,
882 5413 1074 5479 cauendum
1098 5421 1179 5489 erat,
1205 5413 1455 5498 nequicquam
1480 5409 1713 5495 ambiguitatis
1742 5410 1868 5475 inesset
1880 5407 1911 5492 ¹).
1959 5407 2023 5474 Sed
2048 5429 2117 5472 non
2141 5406 2242 5473 modo

580 5529 616 5593 in
641 5527 787 5613 prologis
811 5530 840 5595 is
864 5550 958 5613 pron.
984 5530 1048 5595 hoc
1072 5529 1173 5595 modo
1197 5534 1392 5614 usurpatur,
1418 5527 1476 5592 sed
1501 5547 1610 5612 usque
1645 5547 1792 5612 quaqua,
1816 5526 1875 5591 ubi
1909 5546 1960 5590 res
1991 5524 2100 5609 magis
2134 5524 2244 5610 impli-

691 5760 710 5826 ¹)
728 5763 767 5814 Vt
785 5763 945 5828 intellegas,
965 5767 1143 5829 qrrantopere
1163 5768 1248 5829 poeta
1266 5763 1349 5814 nisus
1368 5762 1414 5825 sit,
1435 5767 1467 5815 ut
1486 5765 1664 5828 spectatores
1687 5777 1802 5814 ornnem
1829 5776 1889 5813 rem
1915 5764 1992 5812 recte
2019 5763 2160 5823 tenerent,
2186 5759 2243 5825 pel·
2334 5821 2345 5838 ,

582 5853 644 5919 lege
673 5868 775 5905 nereus
795 5853 905 5919 prologi
926 5852 1027 5905 Militis
1046 5868 1063 5904 a
1082 5868 1109 5905 n.
1130 5853 1190 5904 104.
1229 5852 1281 5904 104
1308 5851 1394 5916 miles,
1416 5851 1467 5903 105
1495 5850 1573 5903 illum
1600 5850 1716 5904 ommam
1744 5854 1794 5917 ert,
1814 5850 1866 5903 106
1893 5848 1953 5902 cius
1970 5847 2062 5913 matri,
2089 5848 2142 5901 108
2166 5846 2243 5901 miles

580 5940 773 6011 apertionem,
793 5940 845 5995 109
863 5940 956 6006 militi,
976 5940 1030 5995 110
1047 5940 1114 5995 tera
1132 5942 1190 6007 ubi,
1210 5941 1291 6008 quasi
1310 5940 1346 5992 de
1365 5956 1396 5992 re
1416 5940 1545 5993 nondum
1573 5940 1689 6006 liqueat,
1708 5940 1877 6007 apponitur:
1904 5936 1990 5991 mebi
2008 5935 2132 5991 mauris
2152 5935 2243 6005 Quum

687 6054 779 6112 aaa
797 6056 870 6106 cuv.
891 6042 1028 6104 beura.
1065 6057 1139 6103 rom.
1159 6055 1287 6108 xxxva.
2099 6044 2115 6100 7
