5650 7325
576 957 617 1029 12
1256 975 1363 1036 Martin
1382 982 1412 1034 P.
1433 974 1559 1035 Nilssora

574 1138 640 1209 edi.
666 1141 754 1207 inter
777 1162 872 1226 pron.
897 1151 932 1206 et
954 1140 1059 1207 subet.
1085 1141 1272 1219 intercedit,
1296 1141 1360 1206 sub
1386 1140 1417 1225 b)
1441 1141 1548 1206 affero
1571 1140 1826 1208 coniunctiones
1850 1139 2067 1207 attributiuas
2085 1137 2242 1206 uocatiui

574 1278 682 1334 casus,
708 1258 772 1324 sub
796 1259 825 1342 cl
849 1278 889 1323 ea
911 1274 963 1322 ex.
988 1257 1046 1322 ubi
1070 1257 1136 1322 adi.
1161 1258 1250 1323 inter
1272 1278 1366 1342 pron.
1392 1266 1427 1323 et
1449 1256 1554 1324 subst
1579 1255 1765 1336 intercedit,

1071 1437 1134 1502 Ex.
1159 1407 1327 1503 Plautina.
1435 1408 1437 1412 ὗ
1641 1433 1706 1500 Ex.
1736 1435 1939 1501 Terenlrbna.

683 1553 768 1635 Pron.
788 1587 869 1637 extat
959 1582 1040 1633 iuxta
1059 1577 1150 1634 subet.
1276 1541 1450 1647 ”se-‘mrim
1558 1540 1749 1633 iffi.
1847 1539 2012 1645 effigium

983 1657 1051 1704 ante
1107 1656 1173 1718 post
1275 1657 1344 1704 ante
1399 1658 1465 1717 post
1563 1656 1632 1703 ante
1679 1655 1744 1717 post
1842 1655 1910 1702 ante
1948 1656 2014 1716 post

807 1740 881 1777 mesu
945 1723 973 1790 a)
990 1722 1044 1777 828
1116 1724 1170 1777 770
1277 1723 1330 1776 392
1402 1722 1455 1775 345
1565 1722 1616 1776 195
1689 1720 1741 1774 125
1849 1721 1885 1773 60
1957 1721 1991 1774 70

808 1797 872 1848 tuus
947 1795 1046 1858 7))165
1136 1787 1171 1847 78
1851 1822 1882 1829 -
1959 1821 1990 1830 -

806 1880 873 1920 suus
952 1865 977 1933 c)
996 1866 1047 1920 125
1137 1866 1172 1919 23

806 1976 898 2028 noakr
946 1939 977 2074 g}
993 1937 1046 2061 ¹²?
1135 1938 1170 2046 (ἐξ

806 2047 898 2099 mm
947 2080 974 2147 c)
1010 2073 1044 2133 12
1153 2075 1168 2133 1

683 2235 854 2306 Nimirum
879 2239 941 2306 hos
965 2260 1124 2306 numeros
1149 2241 1249 2326 plane
1277 2248 1385 2306 certos
1408 2242 1481 2306 esse
1517 2260 1585 2304 non
1619 2237 1760 2315 affirmo,
1796 2237 1856 2303 sed
1890 2245 1940 2303 ῖοῖ
1976 2239 2044 2303 iere
2079 2238 2241 2325 exempla

576 2364 660 2442 quot
682 2364 763 2422 sunt
785 2355 945 2423 indicant.
994 2345 1081 2421 Nam
1106 2358 1142 2421 iu
1167 2362 1261 2420 tanta
1283 2357 1380 2441 copia
1403 2353 1638 2441 exemplorum
1664 2353 1762 2419 iacile
1787 2353 1857 2420 lieri
1894 2360 2012 2438 potest,
2049 2362 2088 2421 ut
2120 2355 2239 2440 paulu·

576 2472 648 2539 lum
672 2482 810 2548 erretur,
836 2491 1045 2557 quamquam
1077 2469 1194 2538 sedula
1225 2471 1359 2549 curaui,
1379 2492 1422 2536 ne
1453 2472 1582 2536 incerta
1605 2491 1693 2559 neue
1717 2491 1757 2535 ea
1791 2468 2015 2546 admitterem,
2052 2489 2127 2556 quae
2160 2490 2240 2535 con·

576 2589 712 2654 iacturis
737 2609 805 2653 non
834 2588 933 2653 certis
968 2589 1201 2653 restituuntur.
1251 2587 1353 2652 Porro
1389 2586 1431 2651 de
1470 2587 1543 2651 aliis
1578 2586 1635 2652 alii
1674 2587 1771 2652 aliter
1806 2585 1967 2652 iudicant.
2027 2585 2089 2654 Ex.
2114 2608 2142 2652 c.
2168 2586 2237 2652 hia·

578 2712 649 2771 tum
676 2704 777 2770 talem
808 2706 871 2770 mei
905 2705 1035 2770 honoris
1071 2704 1258 2768 Knorzrvn
1294 2710 1327 2768 et
1362 2702 1598 2782 Sasernarum
1635 2702 1823 2788 legitimum
1856 2722 1928 2767 esse
1967 2702 2108 2768 euicisse
2144 2710 2239 2788 puto,

577 2842 682 2906 quare
706 2819 872 2886 eiusmodi
897 2820 1053 2906 exempla
1076 2819 1110 2884 in
1136 2841 1316 2885 nnmerum
1341 2818 1627 2906 comprehendere
1651 2839 1719 2883 non
1744 2817 1908 2883 dubitaui.
1959 2817 2008 2883 De
2033 2818 2145 2886 uerbis
2183 2841 2240 2884 en-

576 2936 695 3003 clitiois
719 2958 777 3019 que
799 2935 902 3002 aliam
926 2936 1091 3001 rationem
1118 2934 1219 3001 habet
1241 2942 1344 3021 atque
1367 2946 1506 3015 cetera;‚
1530 2956 1608 3000 nam
1634 2957 1692 3018 que
1715 2955 1826 3020 neque
1859 2934 1901 2999 ad
1938 2937 2009 3000 uim
2044 2935 2239 3019 aagendam

577 3053 746 3130 inseritur,
771 3060 809 3119 nt
827 3059 890 3135 ple,
914 3059 983 3128 mel,
1009 3073 1120 3138 neque
1144 3052 1209 3117 alio
1233 3051 1306 3116 loco
1329 3051 1485 3117 collocari
1510 3058 1620 3139 potest
1645 3058 1680 3116 nt
1703 3057 1746 3116 est
1768 3052 1852 3134 (et).
1902 3050 1991 3136 Ergo
2010 3058 2073 3133 ple,
2102 3058 2167 3127 met,
2195 3059 2243 3117 eet

578 3168 691 3234 dedita
709 3189 817 3254 opera
851 3166 1058 3243 inseruntur,
1093 3188 1161 3232 non
1197 3190 1264 3252 que,
1305 3166 1397 3252 quod
1434 3165 1546 3233 locum
1582 3167 1808 3234 necessarium
1847 3166 1957 3232 habet.
2006 3166 2242 3244 Quamobrem

578 3284 743 3371 exempla,
768 3285 804 3349 in
828 3282 953 3370 quibus
976 3309 1034 3371 que
1052 3283 1243 3371 intercedit,
1268 3284 1450 3370 separatim
1475 3291 1591 3350 tracto.

685 3400 949 3466 Pronominibus
973 3400 1172 3485 possessiuis
1195 3407 1324 3465 certum
1350 3401 1461 3466 locum
1486 3400 1607 3465 ascribi
1644 3421 1710 3467 non
1748 3420 1846 3483 posse
1882 3421 1916 3464 θ·
1936 3399 2053 3465 tabula
2087 3407 2241 3485 apparet,

579 3516 740 3602 quoniam
766 3517 837 3582 fere
861 3515 983 3582 totiens
1007 3523 1084 3602 post
1106 3515 1263 3601 quotiens
1287 3523 1365 3581 ante
1389 3515 1494 3582 subst.
1519 3515 1734 3581 collocantur.
1782 3515 1857 3581 Hoc
1893 3516 2060 3600 imprimis
2093 3517 2126 3579 in
2163 3538 2243 3601 pro·

580 3631 775 3699 nominibus
799 3655 884 3699 meae
909 3639 982 3699 tutu
1005 3654 1082 3699 suus
1104 3631 1152 3698 ita
1175 3653 1211 3698 se
1234 3631 1337 3698 habet
1361 3631 1517 3698 uocatiuo
1541 3639 1690 3719 excepto,
1716 3631 1776 3718 qui
1799 3652 1898 3698 casus
1921 3631 2116 3718 plusquam
2134 3630 2243 3718 duplo

579 3750 741 3815 maiorem
782 3770 964 3814 numerum
1001 3748 1126 3833 praebet
1171 3749 1405 3834 exemplorum
1438 3749 1473 3812 in
1514 3747 1639 3833 quibus
1663 3769 1758 3833 pron.
1785 3747 1991 3832 antecedit¹l¹
2032 3749 2243 3814 Prononrina

579 3872 684 3932 noster
707 3874 740 3931 et
762 3872 866 3931 uester
888 3866 1012 3951 saepius
1035 3872 1114 3930 ante
1138 3885 1241 3949 quam
1266 3875 1342 3950 post
1366 3865 1470 3931 subet.
1497 3871 1684 3950 ponuntur;
1717 3863 1809 3950 quod
1833 3885 1893 3929 cur
1917 3866 1963 3929 ita
1987 3865 2039 3940 sit,
2065 3866 2241 3949 quaeritur.

581 3981 616 4047 Si
641 4003 735 4067 pron.
772 4002 860 4067 poss.
896 3982 1000 4047 subet.
1041 3979 1319 4066 subsequebatur,
1344 3990 1414 4046 tam
1447 3989 1518 4047 arte
1552 4002 1629 4046 cum
1666 3979 2016 4066 e0·coniungebatur‚
2042 3989 2088 4058 ut,
2114 3982 2140 4045 si
2181 4003 2245 4067 per

579 4099 726 4163 formam
751 4087 820 4163 fieri
845 4097 976 4174 licebat,
1001 4105 1141 4163 accentu
1165 4098 1365 4184 priuaretur.
1414 4096 1490 4163 Hoc
1513 4097 1605 4162 enim
1630 4096 1772 4162 dubium
1802 4116 1871 4161 non
1907 4105 1966 4175 θεῖ,
2003 4098 2085 4182 quin
2120 4118 2239 4182 prono-

581 4212 674 4278 mina
697 4213 898 4299 possessiua
924 4212 989 4278 nisi
1019 4213 1072 4278 uis
1107 4212 1285 4298 peculiaris
1320 4213 1510 4290 adderetur,
1544 4233 1710 4299 perparua
1745 4214 1838 4278 uocis
1869 4214 2057 4279 intentione
2094 4235 2243 4299 pronun·

580 4330 664 4395 tiata
698 4329 780 4407 sint;
817 4350 922 4413 quare
946 4328 972 4394 εἰ
999 4326 1103 4394 subet.
1140 4328 1446 4415 subsequebantur,
1479 4351 1519 4395 ee
1554 4330 1708 4394 enclitica
1745 4329 1834 4394 iacta
1868 4350 1941 4395 esso
1973 4337 2241 4396 consentaneum

580 4444 671 4532 θεῖ’).
718 4444 767 4509 Oi.
793 4467 844 4511 ex.
869 4466 896 4510 c.
922 4445 1123 4511 Philolachis
1156 4446 1307 4528 uoluptas
1329 4468 1409 4521 mea,
1439 4445 1500 4510 Mo.
1527 4447 1602 4521 249,
1638 4449 1786 4511 maxumo
1816 4446 1900 4510 malo
1922 4467 1979 4510 sao
2014 4445 2053 4511 R.
2081 4449 2154 4517 775,
2181 4448 2242 4531 qui

581 4561 692 4627 exitus
717 4581 845 4640 uersus,
860 4561 925 4626 nisi
949 4564 1032 4627 malo
1056 4584 1113 4627 sao
1137 4562 1239 4627 unius
1263 4561 1358 4627 uerbi
1382 4563 1489 4627 instar
1512 4572 1572 4640 θεῖ,
1586 4561 1768 4647 1Ιθξζὶῖὶῑῐιιιε
1791 4582 1860 4626 non
1885 4569 1943 4626 θεῖ.
1981 4561 2111 4639 Quodsi
2144 4584 2240 4647 pron.

581 4677 791 4763 subsequens
814 4679 902 4743 forte
925 4678 1052 4744 maiore
1076 4679 1110 4743 ui
1137 4677 1313 4763 praeditum
1339 4686 1389 4745 θεῖ
1413 4678 1510 4744 utin
1542 4678 1727 4750 contrariis,
1753 4698 1815 4742 suo
1847 4686 1987 4743 accentu
2027 4678 2241 4744 efferendum

582 4800 640 4867 θεῖ,
666 4815 716 4859 ex.
749 4815 776 4859 o.
802 4794 841 4859 R.
879 4796 944 4859 239
977 4795 1070 4861 Secia
1102 4817 1173 4860 sum
1207 4817 1262 4861 nec
1288 4797 1393 4861 minor
1421 4817 1505 4878 pars
1537 4801 1635 4861 meoet
1670 4817 1764 4877 quam
1799 4801 1863 4861 tuo.
1908 4793 2115 4858 Pronomina
2138 4802 2244 4860 noster

582 4916 616 4975 θῖ
640 4916 741 4976 uosler
764 4910 925 4995 quoniam
950 4911 1106 4995 grauiora
1130 4918 1226 4976 erant
1248 4932 1352 4996 quam
1377 4912 1495 4977 formae
1519 4910 1583 4976 illae
1613 4910 1816 4995 pyrrhichius
1851 4918 1884 4975 θῖ
1920 4909 2083 4985 iambioae,
2110 4912 2262 4993 granio,

583 5047 654 5090 rem
679 5046 815 5111 quoque
838 5034 1016 5092 accentum
1041 5027 1236 5103 seruabant;
1274 5049 1376 5112 quam
1403 5027 1540 5092 obrem
1567 5048 1644 5091 eum
1680 5047 1747 5090 non
1785 5034 1853 5090 tam
1893 5025 1991 5091 facile
2026 5023 2243 5091 substantiuo

583 5149 723 5207 accentu
749 5144 882 5229 priuata
906 5144 1201 5229 subiungereutur,
1227 5144 1267 5209 ad
1295 5144 1385 5209 huno
1410 5144 1520 5208 locum
1547 5164 1614 5207 non
1639 5150 1708 5208 tam
1734 5162 1903 5227 propensa
1926 5149 2023 5206 erant
2058 5164 2160 5226 quam
2192 5164 2242 5207 ce-

584 5265 663 5323 tera.
714 5259 762 5323 De
786 5259 952 5325 uocatiuis
976 5260 1039 5325 hoc
1064 5281 1132 5325 nou
1158 5261 1256 5336 ualet,
1282 5281 1358 5326 cum
1384 5259 1484 5344 longe
1508 5260 1655 5345 plurima
1678 5259 1834 5343 exempla
1858 5259 1983 5322 formas
2022 5262 2066 5322 mi
2106 5265 2138 5323 et
2172 5282 2241 5323 mea

584 5374 770 5460 praebeant;
805 5375 863 5442 sed
888 5376 920 5441 h.
946 5377 965 5441 l.
992 5398 1087 5462 pron.
1113 5377 1155 5443 ad
1179 5398 1328 5442 amorem
1354 5375 1616 5460 significandum
1642 5375 1859 5463 anteponitur
1884 5396 1914 5438 u.
1942 5375 2030 5439 inira
2046 5396 2077 5459 p.
2098 5376 2139 5439 70
2155 5395 2242 5459 sqq,

584 5491 789 5578 Danaudcr,
815 5492 1000 5560 Grundriss
1026 5493 1066 5570 V,
1091 5470 1143 5558 91.

584 5798 594 5851 l
693 5724 712 5791 ι)
729 5728 763 5779 In
783 5728 916 5795 epistulis
936 5726 1084 5781 Ciceronis
1105 5728 1229 5780 uocatiui
1253 5730 1292 5779 mi
1317 5734 1347 5780 θῖ
1375 5743 1433 5779 meo
1462 5726 1575 5779 duobus
1603 5726 1734 5793 exceptis
1762 5725 1833 5778 locis
1861 5724 2045 5790 antecedunt,
2075 5724 2243 5775 Aannacnr

596 5816 639 5869 .l.
661 5832 687 5883 p.
707 5817 732 5868 9.

692 5914 713 5980 ¹)
732 5917 883 5980 Lrunssr,
903 5915 945 5968 De
964 5916 1062 5981 lingna
1081 5915 1171 5970 latius
1189 5915 1241 5981 111,
1262 5915 1331 5968 lia.
1349 5915 1375 5979 3,
1394 5912 1485 5967 class.
1506 5915 1575 5966 Rev.
1596 5914 1620 5964 V
1638 5912 1729 5979 (1891)
1748 5931 1774 5980 p.
1793 5912 1855 5966 404.
