5650 7325
1649 974 1754 1040 Martin
1774 973 1804 1042 P.
1824 974 1950 1039 Nilsaon.

1066 1295 1096 1359 3.
1145 1292 1257 1360 Pron.
1283 1309 1392 1380 poss.
1419 1289 1692 1379 significanter
1716 1288 1859 1359 dicitnr
1883 1289 1945 1358 uel
1971 1287 2160 1358 affectum
2191 1287 2306 1356 animi
2333 1284 2537 1376 exprimit.

1075 1491 1217 1556 lamiam
1242 1489 1417 1574 complura
1440 1488 1596 1572 exempla
1618 1489 1725 1561 attuli,
1752 1489 1786 1553 in
1811 1488 1936 1573 quibus
1976 1488 2166 1572 pronomini
2204 1489 2255 1551 uis
2290 1485 2471 1572 peculiaris
2512 1485 2652 1554 inerat.

968 1630 1044 1695 quae
1068 1606 1304 1692 significationi
1330 1606 1435 1671 solitae
1475 1605 1603 1690 aliquid
1638 1606 1718 1669 noui
1751 1604 1899 1674 adderet.
1925 1626 1964 1669 en
2000 1604 2083 1677 dica,
2109 1603 2143 1667 in
2180 1603 2305 1688 quibus
2342 1623 2434 1686 pron.
2462 1601 2649 1666 rationem

968 1725 1140 1811 quandam
1170 1723 1338 1788 causalem
1365 1722 1501 1791 indicat.
1528 1723 1713 1806 praesertim
1738 1722 1764 1786 si
1801 1722 1830 1786 ei
1866 1720 2054 1805 indignatio
2089 1717 2242 1784 admixta
2276 1728 2326 1783 est
2352 1725 2477 1803 ¹(snpra
2504 1739 2539 1803 p.
2580 1716 2647 1799 17).

968 1841 1032 1906 His
1056 1862 1135 1924 ergo
1158 1840 1193 1903 in
1218 1839 1381 1923 exemplis
1407 1860 1592 1922 pronomen
1620 1838 1768 1922 pleniore
1792 1838 2037 1923 significatione
2063 1838 2116 1901 uel
2141 1836 2370 1921 significanter
2403 1833 2537 1899 dictum
2579 1842 2645 1898 est.

969 1957 1186 2041 Quamquam
1211 1957 1300 2020 inter
1323 1955 1480 2040 cxcrnpla
1504 1955 1699 2020 huiusmodi
1725 1954 1905 2019 discrimen
1931 1953 2067 2019 difficile
2090 1953 2257 2019 statuitur.
2272 1951 2328 2016 illo
2352 1950 2424 2015 loco
2447 1971 2490 2015 ea
2506 1950 2647 2015 afferre

967 2082 1108 2140 conatus
1132 2094 1217 2148 snio,
1244 2073 1279 2136 in
1304 2071 1429 2157 quibus
1454 2071 1537 2136 ratio
1563 2073 1762 2156 possessus,
1788 2093 1806 2135 e
1829 2092 1898 2155 qua
1926 2070 2070 2136 causalis
2100 2069 2232 2155 pendet,
2268 2069 2415 2132 maxime
2449 2073 2645 2153 appareret

968 2200 1001 2256 et
1024 2211 1097 2255 eam
1123 2188 1166 2253 ob
1190 2210 1260 2253 rem
1286 2209 1352 2252 non
1378 2195 1510 2253 tantum
1536 2189 1655 2253 alienae
1678 2188 1935 2273 significalionis
1974 2186 2162 2280 adderetur,
2188 2191 2354 2271 qnantum
2380 2184 2448 2248 uis
2478 2182 2643 2247 notionis

969 2305 1168 2392 possessiuae
1191 2300 1395 2388 augeretur(
1429 2304 1568 2369 Talibus
1592 2305 1756 2390 exemplis
1779 2305 1815 2370 in
1840 2315 1955 2369 nostra
1990 2303 2107 2389 lingua
2142 2302 2348 2368 adiectinum
2394 2321 2516 2385 regen»
2552 2296 2641 2362 addi

967 2430 1086 2509 potest,
1113 2422 1138 2487 si
1164 2421 1353 2487 subiectum
1379 2420 1531 2486 eiusdem
1557 2442 1708 2505 personae
1742 2430 1800 2485 esi.
1852 2421 1888 2484 ln
1926 2421 1966 2485 iis
2002 2429 2114 2484 antem
2152 2439 2229 2504 qnae
2265 2440 2357 2483 nune
2395 2417 2538 2482 afferam
2583 2436 2639 2479 ex.

969 2539 1051 2604 ratio
1076 2537 1261 2623 personalis
1285 2537 1393 2621 magis
1419 2536 1588 2622 praenalet,
1614 2537 1704 2621 quod
1730 2536 1894 2623 exemplis
1918 2536 2062 2601 forsitan
2088 2536 2208 2600 melius
2232 2556 2336 2620 quam
2373 2533 2486 2598 uerbis
2525 2530 2641 2618 expli·

967 2662 1068 2720 cetur.
1118 2654 1173 2719 Aa.
1201 2653 1258 2728 ΙΙΙ,
1288 2657 1300 2716 1
1329 2652 1405 2717 lena
1431 2653 1507 2717 filia
1532 2654 1734 2736 repugnanti
1765 2674 1914 2717 amorem
1940 2652 2130 2737 exprobrat,
2157 2662 2194 2717 ut
2217 2659 2317 2716 antea
2342 2651 2430 2714 facit.
2478 2647 2536 2714 As.
2568 2650 2639 2712 509

967 2773 1022 2835 Aa
1046 2773 1221 2836 decorumst
1244 2770 1418 2834 aduorsari
1441 2770 1518 2834 mais
1543 2776 1570 2834 te
1589 2770 1781 2852 praeopta?
1805 2790 1847 2834 sc,
1874 2790 1951 2853 quae
1977 2777 2083 2833 mater
2107 2776 2164 2833 tua
2189 2790 2274 2833 snm.
2323 2767 2441 2837 Causa,
2456 2787 2517 2830 cur
2537 2764 2638 2829 inde·

966 2908 1083 2953 corum
1118 2887 1170 2960 sit,
1196 2908 1236 2950 ea
1271 2896 1330 2960 est,
1357 2884 1449 2970 quod
1487 2885 1585 2950 matri
1617 2886 1681 2972 ipsi
1708 2907 1775 2950 non
1802 2886 1938 2961 obradit,
1964 2885 2054 2971 quod
2081 2886 2273 2971 pronomini
2299 2885 2376 2950 mas
2400 2885 2495 2948 inest.
2534 2880 2637 2958 Quid

967 3005 1010 3068 sit
1032 3005 1121 3068 inter
1143 3004 1221 3068 meis
1245 3011 1277 3067 et
1302 3013 1329 3067 ie
1352 3003 1511 3066 contrarii
1536 3013 1693 3088 apparet;
1734 3024 1807 3068 eam
1833 3002 1876 3067 ab
1900 3024 1970 3067 rem
1998 3004 2049 3067 uis
2075 3003 2260 3086 personalis
2285 2999 2525 3087 pronominum
2553 3020 2636 3064 con-

967 3120 1146 3185 trariornm
1173 3126 1316 3203 augetur
1339 3120 1401 3202 (ex.
1428 3119 1528 3183 etiam
1555 3141 1585 3203 p.
1616 3121 1655 3184 18
1680 3119 1818 3183 allatum
1846 3123 1915 3203 est).
1964 3120 2014 3184 De
2039 3120 2115 3184 Aul.
2141 3123 2184 3183 iti>
2208 3140 2256 3203 sq.
2282 3128 2315 3182 et
2343 3116 2511 3182 similibus
2536 3137 2572 3179 n.
2605 3138 2637 3202 p.

969 3238 1019 3305 14.
1045 3235 1102 3299 ubi
1127 3235 1327 3320 significatio
1353 3235 1492 3300 uilitatis
1517 3235 1604 3300 clare
1629 3245 1779 3320 apparet.
1828 3237 1863 3301 B.
1891 3238 1955 3309 842
1979 3258 2028 3320 sq.
2058 3237 2205 3302 Meamne
2237 3236 2288 3300 iric
2319 3233 2533 3299 timeamus
2572 3234 2639 3299 Ni-

966 3354 1069 3418 calmli
1081 3353 1174 3437 filias
1201 3353 1262 3417 Per
1295 3353 1363 3417 nim
1397 3359 1431 3417 nt
1464 3354 1598 3417 retineat
1631 3354 1812 3418 amlicrem!
1858 3355 1906 3417 Cl.
1934 3352 1985 3416 Ps.
2012 3356 2086 3426 344,
2113 3353 2150 3416 R.
2190 3354 2264 3428 839,
2301 3352 2368 3415 ast.
2393 3352 2458 3415 610
2493 3352 2641 3415 conaris

972 3470 1019 3532 Ta
1044 3475 1101 3532 lna
1123 3491 1170 3531 rna
1194 3468 1343 3543 oratione,
1361 3469 1484 3543 matter,
1502 3469 1645 3554 quisquis
1660 3490 1699 3533 as.
1726 3468 1745 3534 i.
1765 3489 1791 3532 e.
1810 3475 1869 3532 tua
1885 3468 2000 3532 odiosa
2017 3470 2176 3533 oratione.
2219 3469 2286 3532 Mn.
2307 3470 2370 3532 242
2387 3472 2530 3530 mandra
2546 3469 2642 3552 qnod

968 3585 1071 3649 otiam
1100 3585 1202 3649 Tuam
1226 3584 1282 3667 qm'
1302 3584 1423 3666 possim
1441 3585 1566 3666 papea
1597 3586 1811 3666 petulantiam
1837 3585 1854 3648 i.
1882 3606 1908 3649 e.
1935 3593 2074 3658 tantam.
2101 3594 2230 3671 quanta
2254 3598 2312 3649 tua
2336 3592 2394 3648 est.
2444 3582 2524 3647 Mra.
2552 3584 2637 3648 377.

968 3740 1007 3749 —
1033 3700 1082 3765 Ne
1106 3700 1219 3787 puella
1243 3702 1354 3764 forma
1378 3701 1512 3776 eximia,
1538 3723 1640 3786 quam
1666 3701 1835 3766 Charinus
1861 3703 1957 3766 matri
1995 3702 2084 3767 dono
2115 3724 2151 3767 se
2187 3703 2266 3767 dare
2306 3702 2392 3766 nelle
2421 3699 2511 3773 dicit,
2550 3701 2637 3765 reci·

966 3817 1087 3903 piatur,
1118 3838 1221 3882 senex
1255 3817 1342 3881 hano
1372 3818 1473 3882 affert
1508 3818 1687 3882 rationem:
1724 3820 1790 3883 395
1825 3820 1903 3905 quta
1938 3841 2001 3882 aon
2036 3826 2145 3884 nostra
2174 3820 2317 3901 formam
2355 3819 2447 3882 labet
2493 3818 2639 3900 dignam

967 3936 1065 4009 (tomo,
1091 3933 1148 3998 sed
1187 3934 1293 3997 multo
1324 3934 1545 4018 opulentiore.
1595 3936 1658 3999 iao
1690 3936 1757 4000 Nec
1787 3937 1843 4018 pal
1878 3958 1930 4018 epo
1963 3938 2080 4016 patiar
2114 3938 2160 4001 sic
2194 3958 2241 4000 me
2276 3942 2410 4016 implam
2445 3940 2509 3998 tam
2546 3935 2639 3999 aiala

966 4051 1119 4131 Mcasqae
1141 4051 1178 4114 r'rr
1202 4050 1279 4114 adis
1301 4051 1348 4116 sia
1371 4057 1477 4115 scorta
1501 4052 1702 4116 abductarier
1727 4052 1745 4115 i.
1772 4073 1798 4115 e.
1832 4052 1963 4136 probas,
1999 4052 2061 4116 nisi
2090 4052 2208 4116 melius
2233 4073 2311 4116 cum
2336 4048 2500 4135 exemplis
2526 4071 2560 4135 p.
2594 4053 2635 4115 17

965 4165 1073 4230 allatis
1097 4167 1280 4231 confertur.
1331 4166 1443 4231 Verba
1468 4168 1582 4232 uxoria
1606 4167 1728 4232 dotatae
1753 4168 1845 4231 iratae
1874 4175 1962 4243 sunt,
1989 4189 2065 4252 quaa
2091 4168 2201 4231 uirum
2237 4170 2271 4233 in
2307 4168 2396 4232 aedes
2420 4188 2498 4231 snas
2525 4186 2637 4233 mere

965 4283 1080 4346 tricem
1106 4281 1280 4347 induxisse
1304 4281 1418 4347 credit.
1468 4284 1534 4346 844
1559 4285 1755 4366 Ecquisnam
1778 4285 1854 4349 daris
1877 4291 1924 4349 cst
1958 4288 2013 4369 qni
2049 4307 2116 4349 oica
2151 4307 2236 4349 nunc
2270 4287 2359 4350 taetns
2382 4284 2496 4349 latitia
2524 4284 2639 4366 sarit!

964 4398 983 4461 i.
1011 4419 1037 4462 e.
1064 4404 1158 4463 tanta
1197 4406 1326 4483 quanta
1366 4420 1441 4463 mea
1477 4400 1589 4464 laetitin
1626 4422 1668 4465 ne
1708 4400 1772 4464 diis
1808 4401 1946 4484 quidem
1987 4409 2045 4465 est.
2097 4402 2160 4485 lig.
2201 4405 2266 4464 488
2291 4422 2362 4485 sqq.
2402 4422 2541 4464 rrieamne
2577 4401 2637 4468 mc

964 4516 1000 4579 ia
1038 4515 1095 4579 aia
1134 4516 1290 4596 hospitam
1315 4554 1357 4561 --
1386 4516 1572 4580 Tractatum
1610 4522 1641 4580 et
1678 4518 1897 4594 ludificatam!
1946 4519 2022 4594 493,
2063 4519 2137 4590 504,
2183 4519 2248 4582 506
2284 4537 2384 4582 cansa
2426 4515 2632 4601 indignatio-

965 4630 1018 4695 nis
1059 4631 1258 4715 pronomine
1298 4633 1452 4707 offertum
1501 4634 1585 4696 ratio
1640 4641 1754 4697 autern
1795 4635 1986 4718 possessina
2037 4635 2151 4699 minus
2197 4643 2338 4719 apparet
2388 4654 2492 4718 quarn
2538 4633 2630 4699 lraec:

964 4768 1074 4833 neque
1099 4769 1232 4812 mecum
1258 4769 1368 4833 neque
1392 4769 1469 4813 cum
1497 4750 1580 4813 meis
1606 4749 1663 4814 tibi
1690 4750 1870 4833 (Sceledro)
1894 4750 2003 4816 ullum
2027 4751 2268 4816 commercium
2302 4761 2360 4815 est.
2409 4750 2460 4815 Cr.
2489 4750 2525 4814 R.
2560 4753 2633 4815 414

967 4865 1046 4942 Quo
1070 4871 1112 4929 est
1136 4866 1192 4951 qui
1214 4866 1331 4929 nostr-is
1357 4871 1423 4929 tam
1442 4872 1590 4946 proterae
1615 4868 1748 4949 foribus
1778 4868 1864 4949 sacal
1888 4868 2070 4932 iniuriam?
2093 4876 2125 4931 et
2149 4867 2205 4931 Ta.
2232 4870 2305 4931 281.
2335 4867 2399 4952 Mg.
2441 4868 2524 4931 1235
2561 4865 2632 4952 (ne)

962 4982 1030 5044 eins
1053 4982 1211 5062 alapantia
1234 5003 1334 5045 meam
1359 4984 1512 5062 eatempta
1534 4983 1665 5063 speciem
1688 4990 1820 5063 spernat
1843 4984 1862 5047 i.
1888 5004 1915 5047 e.
1948 5002 2025 5068 quai
2061 5004 2099 5047 ea
2135 4983 2276 5068 indigna
2311 4995 2371 5061 est,
2408 5004 2482 5068 quae
2520 5004 2633 5067 parua

963 5104 1021 5160 est.
1070 5096 1122 5160 Ps.
1149 5099 1214 5160 944
1246 5098 1288 5161 Vt
1310 5120 1364 5180 epo
1388 5101 1424 5162 ab
1449 5105 1545 5174 taam,
1573 5098 1689 5175 Simia,
1710 5100 1884 5185 perfidiam
1908 5108 1936 5164 le
1958 5122 2029 5164 arao
2053 5106 2081 5164 et
2104 5107 2203 5165 mctao
2227 5108 2255 5165 et
2278 5102 2388 5183 mapni
2405 5101 2507 5185 samo,
2525 5110 2630 5165 antea

963 5234 1036 5277 eam
1064 5233 1284 5297 permagnam
1309 5234 1381 5277 asse
1405 5212 1534 5277 dictum
1559 5222 1617 5278 est.
1666 5214 1728 5278 Tn.
1765 5217 1830 5279 498
1865 5239 1962 5302 nequa
1990 5238 2047 5280 aas
2081 5223 2169 5281 taam
2192 5218 2350 5300 neglegere
2373 5217 2524 5298 qratiam,
2548 5217 2570 5280 i.
2597 5238 2627 5282 e.

962 5350 1170 5414 quamquam
1198 5351 1264 5393 non
1291 5330 1436 5393 multum
1462 5331 1560 5395 ualet.
1609 5333 1674 5395 640
1698 5332 1765 5396 Nec
1789 5333 1852 5396 tais
1875 5333 2015 5415 depellar
2038 5334 2132 5399 dialis
2166 5334 2246 5415 qm‘a
2280 5336 2404 5400 rumori
2426 5334 2577 5404 saraiam,
2604 5334 2628 5399 i.

962 5466 988 5509 e.
1015 5466 1224 5530 quamquam
1249 5445 1379 5510 amicus
1403 5467 1438 5510 es
1463 5453 1496 5510 et
1521 5447 1602 5511 milri
1629 5447 1713 5512 bene
1738 5449 1912 5513 consulere
1947 5449 2081 5515 uideris.
2130 5450 2190 5514 Ph.
2225 5453 2287 5515 431
2328 5453 2421 5533 Epon
2453 5457 2538 5514 tnam
2576 5473 2629 5515 co:-

958 5569 1066 5644 petam
1089 5561 1298 5626 Amicitiam?
1321 5562 1378 5647 qui
1405 5563 1487 5627 mihi
1513 5571 1645 5627 tantum
1671 5563 1787 5628 damni
1815 5565 1962 5648 malique
1988 5566 2105 5629 iecisti.
2150 5566 2212 5630 Hc.
2250 5568 2314 5630 302
2354 5570 2434 5632 Tum
2459 5567 2555 5631 amori
2579 5570 2629 5632 ab—

962 5680 1077 5744 noar'us
1100 5701 1186 5742 sum:
1221 5679 1268 5744 ita
1292 5679 1365 5742 olim
1389 5700 1446 5743 sno
1470 5702 1517 5744 ma
1540 5680 1667 5763 inparia
1696 5682 1842 5761 pertulit,
1867 5681 1886 5744 i.
1913 5702 1940 5744 e.
1969 5681 2072 5766 probo
2106 5691 2138 5745 ct
2174 5681 2305 5766 placido
2341 5684 2476 5768 ingenio
2516 5691 2554 5748 ut
2590 5684 2629 5751 in

964 5815 1021 5858 nu.
1047 5815 1119 5879 sqq.
1147 5794 1296 5880 exponit.
