5650 7325
952 998 995 1063 be
1013 1008 1201 1065 collocatione
1220 1026 1302 1078 pron.
1320 1010 1376 1065 adi.
1395 1012 1473 1080 apud
1491 1011 1625 1067 Plautum
1643 1016 1674 1066 et
1690 1001 1866 1068 Terentium.
2216 985 2238 1062 5

585 1178 625 1237 ut·
644 1170 787 1238 uerbum
812 1170 977 1239 definiens
1000 1171 1143 1238 uerbum
1167 1170 1343 1238 definitum
1368 1172 1589 1251 antecederet,
1615 1174 1729 1239 stricte
1755 1173 1903 1240 tenenda
1937 1180 2016 1251 erat,
2048 1174 2236 1241 subiectum

495 1271 498 1277 ⁵
584 1296 660 1374 post
697 1289 918 1375 proedicatum
957 1289 1038 1375 poni
1078 1288 1231 1367 debebat,
1271 1289 1433 1375 quoniam
1482 1290 1672 1356 subiectum
1718 1290 1899 1376 predicato
1941 1291 2109 1367 delinitur,
2145 1291 2236 1377 quod

584 1406 793 1471 Bracarorur
809 1406 831 1492 ¹)
855 1405 1104 1472 animaduertit.
1152 1405 1237 1472 Cum
1262 1413 1374 1473 autem
1401 1405 1589 1472 subiectum
1614 1415 1674 1473 aut
1703 1428 1756 1473 res
1790 1416 1890 1473 antea
1923 1415 2005 1473 nota
2038 1409 2091 1485 sit,
2115 1413 2184 1483 aut,
2208 1409 2235 1473 si

584 1532 702 1590 notum
726 1545 795 1590 non
820 1530 879 1602 est,
904 1523 939 1588 ui
963 1526 1132 1604 efferatur,
1157 1528 1195 1588 ut
1218 1522 1259 1588 de
1282 1522 1396 1608 aliquo
1420 1523 1501 1588 noui
1525 1524 1580 1609 agi
1615 1523 1915 1601 animaduertatur,
1941 1525 2089 1610 primum
2126 1525 2236 1590 locum

583 1647 735 1728 occupat,
759 1640 819 1727 qui
844 1641 937 1707 locus
960 1640 1033 1706 eius
1057 1640 1214 1726 proprius
1238 1640 1349 1704 iactus
1373 1648 1433 1704 est.
1482 1639 1564 1705 Haec
1587 1641 1689 1706 etiam
1714 1648 1765 1707 est
1787 1661 1898 1718 causa,
1924 1663 1984 1706 cur
2019 1663 2114 1728 pron.
2139 1642 2236 1707 inter·

571 1760 774 1845 rogatiuum
799 1757 947 1843 primum
973 1759 1082 1822 locum
1107 1761 1229 1834 teneat,
1254 1755 1346 1841 quod
1369 1756 1412 1821 ad
1446 1756 1583 1822 reniae
1618 1778 1687 1842 qua
1720 1758 1882 1843 quaritur
1916 1759 2069 1843 pertinet,
2095 1765 2129 1850 et
2162 1779 2236 1824 earn

582 1876 625 1941 ob
649 1897 722 1941 rem
745 1875 889 1941 uerbum
912 1874 1154 1960 grauissimum
1179 1873 1376 1958 quaestionis
1398 1879 1459 1939 est.

691 1992 841 2060 Verbum
867 1991 1051 2058 uiolatum
1076 1990 1185 2077 primo
1209 1991 1281 2056 loco
1317 1991 1397 2076 poni
1432 1999 1466 2055 et
1499 1990 1588 2056 haenc
1626 2013 1761 2058 causam
1798 1991 2025 2058 collocationis
2059 1993 2238 2079 peculiaris

573 2132 654 2189 ‚esse
678 2108 720 2175 de
743 2131 843 2195 prosa
866 2109 1016 2174 oratione
1038 2107 1152 2173 indica
1175 2107 1414 2192 antiquissima
1431 2108 1625 2173 Danaatcr
1641 2108 1925 2194 demonstrauit').
1976 2109 2049 2175 Hoc
2072 2110 2108 2174 in
2132 2109 2237 2174 onini-

582 2228 645 2294 bus
669 2228 795 2314 linguis
819 2227 865 2292 ita
888 2247 960 2292 esse
985 2223 1083 2291 facile
1114 2224 1339 2291 animaduerti
1375 2231 1500 2311 potest;
1539 2225 1575 2289 in
1610 2226 1743 2304 nostris,
1768 2244 1846 2311 quae
1876 2226 2094 2291 collocatione
2128 2247 2237 2311 gram-

583 2344 705 2411 matica
728 2344 930 2410 astrictiores
953 2349 1042 2420 sunt,
1067 2341 1436 2428 circumscriptionibus
1466 2360 1555 2427 saepe
1588 2363 1673 2427 opus
1708 2350 1767 2420 est,
1793 2351 1830 2407 ut
1865 2343 2006 2408 uerbum
2040 2343 2072 2407 ui
2109 2343 2234 2409 elatum

547 2461 555 2478 ⁶
582 2462 692 2549 primo
717 2462 789 2527 loco
812 2465 976 2547 ponatur;
1012 2481 1063 2525 ex.
1088 2480 1116 2526 c.
1144 2459 1290 2523 «horiom
1314 2479 1376 2523 var
1399 2457 1465 2535 det,
1490 2479 1564 2523 som
1586 2459 1646 2544 jag
1679 2458 1856 2535 trtffade»,
1885 2459 1994 2525 ‹hvad
2033 2459 2098 2524 deu
2132 2459 2235 2523 sakan

582 2580 750 2658 betrttllar,
775 2580 813 2642 sa
836 2599 915 2655 -»;
955 2576 1060 2642 subst.
1085 2582 1303 2661 antecaptum
1327 2575 1528 2660 pronomine
1552 2575 1714 2660 repetitur
1740 2575 1879 2652 «boken,
1897 2576 1963 2640 deu
1980 2575 2042 2641 har
2056 2577 2115 2662 jag
2131 2575 2236 2649 halt»,

581 2696 673 2781 quod
697 2695 862 2763 sermonis
885 2692 1075 2780 quotidiani
1098 2692 1272 2779 proprium
1298 2699 1357 2758 est.

689 2811 890 2877 Coniunctio
914 2809 1113 2877 attributiua
1137 2809 1164 2875 si
1189 2816 1259 2875 tota
1283 2808 1317 2873 ui
1342 2810 1481 2874 effertur
1504 2817 1542 2874 ut
1566 2830 1634 2874 nox
1658 2830 1823 2888 urracam
1847 2810 1891 2876 ob
1914 2830 2052 2876 causam
2080 2811 2115 2876 in
2140 2810 2236 2876 initio

581 2928 748 2995 enuntiati
772 2928 851 3014 poni
876 2934 1000 3013 potest3
1036 2924 1206 2991 interdum
1230 2932 1344 2991 autem
1369 2925 1454 2990 ratio
1478 2946 1518 2990 ea
1541 2933 1601 3003 est,
1627 2932 1664 2991 ut
1686 2926 1792 2992 altera
1814 2948 1882 2992 uox
1917 2928 1952 2992 ui
1989 2928 2159 3014 praecipua
2193 2928 2236 2992 el·

584 3047 720 3124 feratur,
744 3051 783 3110 ut
807 3065 906 3111 uoces
930 3044 1018 3109 inter
1041 3064 1077 3108 se
1101 3040 1338 3127 ponderentur.
1387 3041 1473 3107 Cum
1498 3041 1564 3107 adi.
1589 3041 1786 3109 antecedere
1810 3043 1924 3122 soleat,
1949 3044 2054 3109 subet.
2073 3044 2234 3109 nimirum

582 3163 616 3227 ui
640 3162 768 3227 maiore
791 3163 938 3236 effertur,
963 3160 991 3224 si
1015 3166 1093 3224 ante
1122 3158 1187 3224 adi.
1213 3158 1365 3244 ponitur;
1401 3157 1460 3223 sed
1484 3159 1569 3224 ratio
1603 3158 1670 3224 adi.
1694 3158 1878 3225 collocandi
1916 3161 1949 3226 in
1985 3161 2101 3246 lingua
2132 3160 2237 3225 latina

581 3279 645 3344 alia
669 3285 728 3358 est,
741 3278 915 3364 multaque
938 3276 1034 3362 sequi
1058 3276 1175 3342 solent.
1222 3276 1300 3352 Quo
1324 3276 1360 3341 lit
1383 3282 1422 3340 ut
1444 3275 1516 3340 hoeo
1536 3275 1601 3341 adi.
1623 3276 1799 3361 praecipua
1821 3277 1856 3341 ui
1881 3278 2072 3355 efferantur,
2095 3278 2122 3343 si
2146 3286 2237 3341 ante·

581 3403 760 3480 ponantur.
808 3394 859 3461 Ea
881 3415 957 3480 quae
981 3393 1179 3459 antecedere
1206 3392 1325 3471 solent,
1351 3392 1537 3478 postposita
1578 3393 1650 3457 uim
1686 3392 1846 3458 maiorem
1876 3394 2028 3479 accipere
2063 3402 2160 3480 putat
2194 3394 2234 3459 l).

581 3511 718 3590 Rosos,
744 3511 803 3596 qui
826 3532 902 3577 earn
926 3511 1034 3596 legem
1059 3510 1186 3587 statuit,
1211 3516 1249 3574 ut
1271 3509 1337 3574 adi.
1363 3509 1435 3574 loco
1460 3510 1594 3574 insolito
1617 3510 1765 3594 positum
1801 3511 1834 3575 ui
1873 3510 1998 3577 maiore
2033 3510 2234 3595 efferatur⁸).

582 3628 775 3695 Danaaitcrr
798 3635 913 3694 autem
923 3626 947 3713 ⁴)
971 3626 1024 3692 his
1054 3625 1136 3694 locis
1168 3633 1266 3712 putat
1299 3625 1405 3692 subst.
1441 3626 1605 3712 antecapi,
1640 3626 1731 3712 quod
1766 3627 1838 3693 nim
1873 3629 2034 3694 maiorem
2071 3627 2193 3694 halant
2202 3626 2237 3703 ὁῖ.

581 3744 770 3812 Discrimen
795 3746 983 3811 luculenter
1005 3752 1146 3831 apparet
1168 3744 1204 3809 iu
1228 3742 1487 3829 pronominibus
1523 3764 1622 3828 poss,
1647 3765 1724 3829 quie
1755 3745 1870 3829 aliqua
1900 3745 1936 3810 ui
1971 3745 2113 3831 praedita
2146 3756 2235 3813 auto·

580 3862 698 3928 cedere
721 3861 839 3942 solent,
865 3869 1005 3929 accentu
1029 3861 1164 3947 priuata
1187 3867 1385 3946 sequuntur.
1959 3859 1967 3870 '

687 3978 818 4055 Quodsi
840 3978 894 4044 uis
917 3978 981 4044 hoc
1005 3977 1106 4044 modo
1130 3999 1198 4043 non
1223 3978 1304 4045 satis
1334 3984 1487 4063 augetur,
1512 3976 1708 4044 traiectione
1738 3977 1837 4043 etiam
1875 3976 1982 4045 maior
2013 3979 2082 4046 lieri
2114 3989 2233 4067 potest.

581 4096 664 4172 Quae
688 4095 861 4162 collocatio
885 4096 920 4161 in
944 4094 1060 4180 lingua
1084 4095 1189 4161 latina
1212 4094 1293 4160 satis
1317 4095 1477 4180 irequens
1501 4114 1519 4161 e
1543 4093 1705 4179 peculiari
1728 4101 1801 4161 orta
1824 4102 1889 4181 est;
1924 4096 2029 4162 altera
2061 4119 2163 4164 causa
2196 4120 2236 4165 ea

580 4220 639 4291 est,
670 4213 761 4299 quod
795 4211 900 4278 uerba
934 4220 1036 4278 atona
1070 4211 1183 4278 uerbis
1217 4219 1356 4278 accentu
1386 4210 1483 4279 elatis
1517 4211 1685 4278 summitti
1719 4213 1836 4292 solent,
1873 4212 1915 4278 de
1949 4234 2018 4299 quo
2052 4215 2151 4281 inira.
2200 4215 2234 4281 Si

579 4329 669 4396 enim
694 4329 799 4395 altera
821 4350 890 4395 uox
913 4327 1160 4395 coniunctionis
1183 4327 1390 4395 attributiua
1413 4329 1448 4395 ui
1474 4331 1643 4416 praecipua
1666 4330 1814 4408 effertur,
1839 4331 1910 4397 haec
1934 4331 2005 4396 sola
2040 4333 2176 4418 ponitur
2198 4332 2233 4398 in

475 4449 478 4455 '
579 4444 676 4512 initio
711 4446 876 4512 enuntiati
910 4444 1015 4511 altera
1049 4446 1121 4511 loco
1156 4466 1217 4510 suo
1254 4453 1420 4522 manente.
1445 4467 1514 4532 quo
1553 4448 1644 4512 iacto
1678 4446 1937 4533 disiungrmtur;
1977 4441 2035 4514 ex.
2054 4470 2081 4514 c.
2107 4449 2143 4514 B.
2168 4452 2235 4516 599

583 4562 663 4629 Tuo
697 4585 751 4647 epo
773 4563 860 4630 istac
890 4562 993 4647 ipitar
1014 4563 1119 4628 dicam
1142 4562 1196 4628 illi
1224 4564 1387 4647 puisaia·
1421 4563 1526 4629 subst.
1563 4564 1781 4648 anteponitur
1815 4585 1865 4629 ex.
1891 4584 1918 4629 c.
1950 4564 2009 4649 Cp.
2051 4566 2115 4630 838
2154 4566 2234 4632 Cedo

579 4701 708 4745 murem
735 4683 773 4761 lss
797 4680 964 4747 Manum?
988 4683 1026 4760 sst
1051 4680 1201 4756 Manum,
1225 4680 1368 4762 inquam,
1393 4681 1465 4745 cedo
1489 4686 1575 4745 taam
1599 4685 1751 4745 actutum.
1799 4679 1865 4744 Sed
1888 4679 1931 4746 ad
1952 4679 2024 4745 uim
2041 4681 2232 4767 aagendam
2296 4729 2299 4737 ·

579 4796 685 4862 altera
706 4817 775 4861 uox
799 4817 868 4861 non
891 4796 1001 4862 solum
1025 4796 1060 4861 in
1085 4796 1181 4861 initio
1205 4795 1381 4873 enuntiati,
1395 4794 1453 4860 sed
1478 4795 1553 4862 aliis
1576 4816 1712 4881 quoque
1736 4794 1816 4862 locis
1833 4795 1987 4862 collocari
2004 4805 2122 4883 potest,
2139 4796 2231 4864 duur·

580 4911 681 4978 modo
704 4934 725 4978 a
747 4934 831 4979 uoce
855 4912 1069 4999 disiungatur
1102 4912 1146 4977 ad
1181 4933 1285 4998 quam
1311 4911 1464 4998 pertinet.
1511 4911 1720 4978 Traiectione
1745 4913 1815 4978 uim
1837 4913 1952 4998 augeri
1967 4923 2232 4980 cousentaneum

579 5036 639 5106 est,
664 5029 691 5094 si
715 5030 763 5095 rei
786 5035 945 5095 naturam
968 5027 1168 5106 consideres,
1193 5028 1379 5095 dummodo
1414 5028 1558 5094 uerbum
1583 5028 1749 5095 eiusmodi
1773 5029 1824 5106 sit,
1850 5035 1888 5094 ut
1910 5029 2052 5095 uerbum
2088 5052 2234 5117 sequeus

579 5145 779 5230 requiratur,
804 5144 847 5211 ad
871 5145 963 5232 quod
998 5167 1033 5212 se
1067 5144 1223 5232 applicet.
1271 5145 1305 5210 Si
1341 5146 1431 5212 enim
1468 5145 1587 5212 audias
1621 5145 1649 5211 B
1683 5147 1758 5225 599,
1784 5146 1888 5212 subet.
1925 5146 2030 5231 sequi,
2062 5147 2105 5212 ad
2141 5145 2233 5232 quod

688 5387 706 5449 ¹)
725 5390 924 5454 Basanon,
942 5389 962 5444 l.
980 5391 998 5445 l.
1017 5407 1045 5459 p.
1065 5386 1117 5445 134
1135 5395 1165 5445 et
1184 5385 1245 5445 138.

686 5485 707 5555 ¹)
724 5485 905 5554 Demaden,
924 5489 951 5544 8.
970 5491 1001 5544 F.
1019 5490 1072 5555 ΠΙ,
1091 5491 1128 5544 ci.
1147 5489 1306 5543 Grundriss
1325 5485 1359 5557 V,
1378 5485 1414 5545 38
1432 5506 1494 5558 sqq.

687 5583 758 5654 ¹)D.
778 5587 898 5653 Rorrnrr,
917 5589 982 5644 Adi.
1001 5604 1057 5657 quo
1076 5587 1178 5642 ordine
1196 5594 1250 5643 etc.
1270 5606 1364 5657 progr.
1383 5588 1570 5656 Hamburglae
1592 5587 1668 5658 1884,
1688 5607 1714 5658 p.
1734 5589 1763 5654 2;
1792 5607 1858 5645 eum
1885 5595 2046 5658 sequnntur
2065 5592 2233 5646 amaseni

579 5675 596 5729 l.
617 5671 634 5730 l.
655 5694 680 5744 p.
699 5676 735 5730 36
754 5678 959 5745 etsensim,
979 5679 1093 5732 Handb.
1113 5679 1141 5732 d.
1160 5676 1248 5732 lrlass.
1267 5679 1505 5733 Altertumswiss.
1524 5677 1565 5733 11·
1583 5679 1608 5744 2,
1627 5679 1689 5735 loa.

685 5773 706 5843 ⁴)
722 5777 901 5844 Draaaucx,
919 5776 1087 5843 Grundriss,
1106 5778 1141 5843 V,
1160 5775 1204 5831 98.

686 5871 707 5942 ⁶)
724 5875 766 5929 Ea
791 5880 837 5929 est
863 5891 951 5930 causa
978 5892 1028 5930 cur
1056 5875 1147 5931 subet.
1176 5876 1207 5929 in
1234 5877 1502 5932 enumerationibus
1530 5877 1696 5942 antece‹lat;
1726 5880 1902 5946 Ansnrour,
1922 5881 1940 5934 l.
1959 5881 1978 5934 l.
1997 5897 2024 5949 p.
2045 5881 2088 5950 36,
2107 5879 2166 5947 111;
2195 5878 2232 5936 cl.

580 5960 709 6018 rationes
728 5966 900 6035 templorum
920 5962 1008 6038 φιάλη
1026 5971 1114 6039 χρυσῆ
1134 5971 1188 6021 eta.
