5650 7325
579 945 623 1006 24
1254 960 1359 1012 namn
1378 960 1409 1012 r.
1430 959 1546 1011 nrisson

578 1119 669 1204 apud
698 1121 897 1204 posteriores
921 1119 1104 1184 inuenitur.
1155 1117 1277 1184 Facere
1306 1140 1374 1182 non
1409 1139 1558 1203 possum,
1595 1119 1678 1202 quin
1716 1139 1810 1202 pron.
1847 1139 1882 1182 re
1918 1139 2000 1183 uere
2034 1118 2076 1183 ad
2111 1136 2252 1181 nomen

579 1237 753 1321 proprium
779 1237 945 1321 pertinere
970 1242 1097 1320 putem,
1133 1235 1187 1299 cui
1223 1257 1329 1300 seruos
1364 1245 1425 1299 etc.
1462 1233 1654 1318 apponitur.
1703 1232 1789 1296 Nam
1826 1253 1895 1317 qua
1933 1240 1984 1298 est
2022 1233 2252 1318 simplicitate

577 1373 687 1416 sermo
712 1351 940 1437 quotidianus
966 1373 987 1415 a
1010 1372 1078 1436 quo
1103 1351 1265 1416 nimirum
1290 1352 1378 1415 hanc
1414 1349 1596 1415 uerborum
1630 1349 1903 1413 coniunctionem
1943 1349 2010 1413 iam
2046 1350 2250 1414 confectam

580 1467 718 1531 Plautus
746 1469 900 1552 sumpsit,
927 1467 1010 1531 mihi
1037 1467 1239 1552 persuadere
1263 1488 1331 1531 non
1357 1487 1496 1551 possum
1521 1476 1590 1529 tam
1614 1465 1751 1550 spinosa
1775 1464 1999 1549 explicatione
2034 1485 2120 1550 opus
2157 1485 2249 1541 esse,

579 1591 615 1647 ut
641 1605 745 1667 pron,
772 1583 864 1668 quod
889 1583 931 1647 etl
956 1584 1110 1657 uerbum,
1135 1584 1230 1647 iuxta
1254 1580 1344 1667 quod
1372 1582 1517 1666 positum
1543 1591 1602 1653 est.
1628 1581 1712 1666 quin
1748 1581 1914 1665 pertineat
1953 1582 2036 1646 nihil
2072 1581 2250 1666 prohibet,

579 1698 620 1763 ad
646 1699 789 1764 uerbum
814 1701 877 1763 hoc
901 1720 1047 1784 sequens
1072 1699 1184 1784 potius
1221 1700 1391 1764 referatur.
1441 1698 1517 1763 Non
1550 1719 1623 1761 raro
1656 1698 1794 1762 nomine
1830 1699 1966 1783 propria
2000 1719 2075 1763 cum
2113 1719 2252 1783 posses

579 1815 654 1880 siuo
678 1818 944 1900 coniunguntur,
970 1826 1007 1881 ut
1031 1816 1149 1880 eadem
1177 1816 1261 1881 ratio
1285 1815 1496 1900 exprimatur
1519 1836 1570 1878 ex.
1596 1835 1623 1877 c.
1650 1813 1701 1877 Ps.
1733 1816 1812 1878 lust
1841 1815 2030 1879 Pseudolum
2063 1822 2158 1893 tumn,
2180 1815 2249 1879 Pn.

581 1933 643 1995 161
682 1932 913 2013 Adelphasium
952 1943 1038 1998 terum
1078 1932 1202 2017 (lenoni
1244 1932 1307 1996 hoc
1346 1931 1489 2012 dicitur).
1546 1930 1631 1995 Rem
1674 1930 1720 1994 ita
1758 1951 1794 1994 se
1829 1929 1953 1995 habere
1992 1931 2065 1995 haec
2104 1951 2251 2015 quoque

580 2047 736 2130 exempla
759 2047 969 2112 confirmant.
1019 2048 1090 2112 Etsi
1117 2047 1176 2112 Ρη.
1208 2049 1278 2128 170,
1293 2046 1350 2111 nbi
1375 2047 1463 2110 inter
1491 2046 1574 2111 Tuos
1601 2046 1795 2111 Collabiscus
1818 2055 1850 2110 et
1875 2046 1991 2112 uilms
2014 2046 2120 2112 uerba
2144 2047 2252 2132 plura

582 2164 707 2228 inserta
730 2172 819 2236 sunt,
845 2163 928 2228 tanti
954 2163 1116 2229 momenti
1143 2172 1294 2238 nonest,
1320 2162 1427 2247 pluris
1467 2170 1581 2226 temen
1617 2171 1697 2226 sunt
1733 2161 1811 2226 Mrc.
1850 2163 1915 2226 sto
1949 2163 2013 2228 seu
2047 2186 2145 2227 anum
2181 2185 2251 2228 nom

581 2280 672 2344 uiulco
696 2281 843 2362 consequi
865 2286 1008 2344 nostrum
1034 2281 1160 2364 Syram,
1186 2280 1228 2344 ct.
1254 2279 1329 2343 Aul.
1348 2280 1414 2344 804
1437 2301 1726 2344 semem—meum
1752 2279 1934 2352 Strobilum,
1961 2279 2019 2344 ubi
2043 2279 2163 2344 ordine
2199 2279 2251 2343 in-

583 2416 681 2459 uerso
706 2415 800 2480 pron.
838 2396 933 2460 iuxta
968 2418 1090 2461 nomen
1127 2397 1276 2481 positum
1308 2403 1366 2469 est,
1392 2402 1426 2460 et
1449 2402 1571 2480 prester
1594 2403 1705 2460 cetera
1738 2395 1816 2459 Mrc.
1843 2399 1917 2460 6th.
1968 2395 2009 2459 H.
2036 2396 2055 2460 l.
2081 2417 2099 2460 e
2130 2395 2251 2461 uerbis
2354 2430 2362 2449 s

584 2511 671 2574 inter
694 2532 729 2575 se
753 2512 929 2576 contrariis
955 2513 1054 2595 plone
1078 2520 1219 2596 apparet
1248 2513 1347 2576 Tuam
1372 2511 1414 2575 ed
1440 2511 1647 2577 Alcimum
1684 2513 1850 2596 pertinere
1883 2521 1916 2577 st
1940 2513 2081 2593 pelicem
2113 2513 2251 2597 apposi-

584 2626 711 2690 tionem
737 2648 814 2711 quae
839 2635 980 2692 uocatur
1003 2650 1086 2705 esse,
1112 2650 1188 2713 quo,
1215 2628 1344 2713 siquis
1375 2629 1463 2691 forte
1495 2626 1646 2691 fabulam
1682 2628 1871 2711 ignorabat,
1908 2649 2031 2692 nomen
2070 2628 2250 2712 proprium

584 2744 666 2830 qnid
691 2744 754 2808 sibi
779 2743 890 2817 uellet,
915 2744 1156 2829 explicabatur.
1206 2743 1245 2808 ln
1270 2743 1344 2809 aliis
1368 2743 1532 2827 exemplis
1557 2743 1776 2808 collocatione
1811 2743 1877 2808 alie
1908 2765 2003 2828 pron.
2041 2742 2082 2808 ad
2121 2764 2251 2808 nomen

586 2859 830 2946 appellatiuum
856 2861 1002 2945 pertinet
1025 2882 1146 2924 seruom
1182 2883 1281 2924 inerim
1307 2860 1479 2925 Strobilum
1504 2859 1578 2924 Aul.
1612 2861 1676 2924 696
1701 2881 1761 2944 sq..
1798 2861 1840 2924 cf.
1867 2861 1926 2946 Cp.
1953 2862 2018 2924 1181)
2042 2881 2103 2944 sq.‚
2131 2859 2253 2925 uerbis

585 2977 769 3041 interiectis
804 2998 910 3039 seruos
936 3000 1018 3041 auseis
1045 3014 1084 3023 -
1113 2977 1288 3059 Chrysalus
1314 2975 1348 3040 Β.
1375 2978 1450 3052 391,
1477 2977 1580 3041 Lusco
1602 2978 1714 3041 liberto
1740 2982 1791 3041 tuo
1815 2976 1887 3041 Cro.
1913 2978 1989 3049 543,
2015 2977 2059 3041 cl.
2087 2976 2138 3040 Ps.
2170 2978 2250 3052 1196,

588 3093 625 3157 lt.
653 3093 726 3166 891,
753 3114 901 3158 consertio
927 3093 1087 3174 Sagarino
1111 3115 1175 3157 meo
1200 3092 1245 3156 St.
1272 3094 1347 3158 680.

695 3207 869 3293 Exempla,
895 3209 930 3272 in
955 3208 1079 3293 quibus
1104 3210 1156 3273 uis
1182 3208 1391 3293 pronominis
1415 3230 1523 3295 parua
1547 3209 1601 3273 uel
1626 3209 1719 3273 nulla
1750 3230 1822 3274 esse
1857 3208 2002 3281 uidetur.
2042 3209 2117 3273 haec
2152 3215 2252 3274 sunt:

588 3324 644 3389 As.
671 3326 737 3388 284
760 3345 808 3408 sq.
835 3323 925 3389 Adeo
949 3331 985 3388 ut
1007 3330 1129 3390 estatem
1152 3327 1244 3390 umbo
1268 3327 1416 3389 ambobus
1439 3325 1528 3389 noln‘s¹
1552 3326 1617 3390 sint
1639 3326 1767 3390 obnouii
1792 3327 1907 3390 Nostro
1931 3326 2071 3390 deuincti
2094 3325 2252 3410 benficia.

589 3441 656 3505 Hic
679 3450 793 3504 tamen
819 3440 926 3524 ligure
950 3439 1120 3515 orationis
1145 3461 1221 3525 quae
1247 3462 1316 3504 reni
1350 3441 1457 3524 magis
1481 3441 1588 3514 effert,
1626 3440 1725 3505 laoile
1760 3442 1963 3525 agnoscitur.
2012 3439 2086 3503 Aul.
2129 3442 2190 3504 107
2216 3461 2252 3504 u.

591 3578 621 3644 p.
648 3559 667 3621 6
691 3578 769 3621 ann
818 3556 877 3641 (lp.
904 3557 969 3621 510
987 3557 1034 3620 Eo
1053 3557 1205 3638 protinus
1221 3558 1266 3620 ad
1281 3558 1423 3641 fratr-cm
1440 3559 1514 3622 inde
1530 3558 1598 3622 obii
1614 3559 1674 3621 mn
1692 3559 1746 3622 utu
1760 3564 1834 3622 sunt
1850 3558 1910 3623 ulii
1926 3557 2062 3638 captiui·
2089 3557 2123 3620 in
2147 3576 2254 3621 uersu

591 3673 802 3758 neglegentia
826 3672 951 3737 librarii
976 3681 1133 3757 corrupto
1158 3681 1191 3737 et
1216 3680 1321 3738 metro
1346 3674 1473 3739 incerto
1497 3673 1552 3739 alii
1578 3674 1645 3738 alia
1668 3675 1779 3739 conati
1804 3682 1892 3747 sunt,
1923 3675 2011 3738 inter
2035 3694 2121 3759 quos
2146 3672 2253 3736 Srna·

591 3812 658 3854 ess
681 3790 808 3871 captiui
829 3790 899 3853 mei.
937 3789 1016 3853 Mrc.
1042 3791 1108 3853 340
1135 3790 1261 3854 Bonum
1283 3812 1353 3876 qum
1386 3812 1488 3855 meum
1523 3791 1703 3874 comprimit
1732 3792 1909 3870 consilium,
1934 3790 1991 3855 ubi
2029 3810 2122 3874 pron.
2164 3790 2256 3853 inter

591 3905 791 3970 attributum
815 3914 848 3970 et
871 3904 976 3970 subst.
1002 3926 1204 3990 suspensum
1230 3905 1340 3970 haeret.
1391 3905 1456 3989 Mg.
1475 3908 1540 3971 563
1557 3928 1605 3991 sq.
1630 3930 1707 3971 nom
1731 3907 1885 3971 loiriinem
1909 3929 2031 3971 seruum
2054 3928 2125 3970 snos
2142 3905 2255 3970 Domi-

592 4030 638 4088 tos
661 4024 776 4086 lubere
799 4028 917 4103 oportet
939 4022 1041 4085 ocirlos
1065 4029 1093 4086 et
1115 4043 1237 4087 munies.
1288 4022 1351 4086 Me.
1377 4024 1442 4086 306
1464 4025 1628 4105 gaudeant
1657 4031 1807 4104 perpetuo
1831 4045 1886 4087 ¹suo
1910 4045 2029 4104 semper
2053 4025 2130 4087 bono
2154 4042 2252 4104 pron.

593 4137 683 4203 aliud
708 4137 909 4202 attributum
934 4138 1065 4221 excipit.
1114 4138 1178 4202 Mo.
1209 4140 1292 4203 1076
1319 4139 1468 4204 Nostrum
1493 4161 1546 4222 epo
1570 4138 1698 4225 lrr<n>c
1721 4140 1864 4204 uicinum
1888 4140 2003 4221 opinor
2018 4162 2080 4203 esse
2096 4139 2255 4203 lonvincm

593 4256 745 4320 cordacem
768 4260 796 4318 et
820 4255 947 4330 inulam,
973 4253 1014 4318 de
1038 4274 1129 4317 noua
1153 4275 1188 4318 re
1212 4254 1303 4339 loqui
1328 4255 1456 4339 incipit.
1505 4255 1564 4320 Pn.
1596 4257 1678 4320 1011)
1705 4257 1746 4320 El
1771 4256 1799 4319 is
1822 4278 1869 4320 me
1893 4256 2032 4320 heredem
2049 4255 2138 4338 serit
2160 4277 2253 4336 quom

594 4393 682 4435 suom
698 4370 775 4435 obiit
797 4370 890 4442 diem,
916 4370 959 4436 cl.
987 4372 1026 4434 77
1054 4371 1195 4458 Eumque
1211 4371 1352 4436 heredem
1367 4372 1458 4455 jecit,
1477 4394 1568 4454 quom
1585 4373 1650 4454 ipse
1667 4373 1742 4437 obiit
1758 4372 1850 4446 diem,
1868 4372 1900 4435 h.
1926 4369 1946 4435 l.
1966 4392 2060 4456 pron.
2078 4371 2145 4452 ipse
2160 4369 2254 4434 addi-

595 4495 658 4559 tur,
677 4494 714 4550 ut
737 4486 944 4551 contrarium
968 4486 1139 4557 efferatur.
1155 4487 1211 4551 illo
1235 4508 1330 4572 pron.
1357 4509 1460 4571 poss.;
1487 4486 1554 4552 Ost.
1584 4490 1656 4562 llo,
1682 4488 1739 4552 ubi
1764 4489 1830 4553 tale
1855 4488 2061 4551 contrarium
2080 4507 2148 4551 non
2165 4487 2255 4550 inest

596 4603 648 4668 Eu
671 4601 754 4666 diem
777 4625 865 4667 suom
888 4603 975 4679 obiit,
994 4604 1090 4686 ¹fucta
1114 4604 1305 4686 morigercst
1328 4604 1408 4668 uiro.
1458 4604 1518 4668 Pn.
1545 4607 1611 4669 9114
1637 4606 1670 4669 Is
1704 4606 1740 4668 in
1764 4604 1902 4669 diuitias
1937 4605 2047 4668 loono
2083 4602 2255 4683 adoptauit

597 4720 689 4798 lunc,
714 4740 806 4804 quom
841 4720 944 4783 diem
981 4719 1057 4784 obiit
1085 4740 1188 4784 suom
1214 4720 1385 4784 chiasmus
1410 4720 1551 4806 quidam
1576 4728 1626 4786 est
1649 4728 1682 4786 et
1705 4720 1740 4784 in
1766 4721 1833 4784 fine
1864 4740 1982 4784 uersus
2019 4740 2113 4803 pron.
2150 4725 2252 4782 extat.

597 4834 650 4899 Ps.
675 4835 741 4898 469
765 4855 814 4918 sq.
840 4835 976 4900 Fossis
1000 4835 1138 4903 uociuas,
1167 4835 1325 4912 Pseudolo,
1351 4837 1428 4901 mdis
1452 4837 1592 4909 ararium,
1622 4838 1697 4901 Mea
1722 4842 1754 4900 ut
1779 4837 1918 4919 ›uiprare
1940 4836 2025 4900 dicta
2046 4834 2255 4917 possintque

599 4952 677 5026 uolo,
703 4950 811 5034 ligura
840 4951 1010 5015 orationis
1060 4953 1106 5015 St.
1132 4954 1198 5016 454
1222 4973 1270 5035 sq.
1296 4959 1360 5016 tam
1385 4955 1505 5038 conlido
1528 4976 1622 5039 queam
1643 4954 1729 5034 potis
1766 4954 1820 5017 Me
1842 4976 1942 5017 meum
1979 4958 2173 5034 optenturum
2209 4972 2256 5013 re-

597 5089 662 5149 pom
687 5067 836 5131 ridiculis
859 5068 1028 5148 10911679
1054 5069 1141 5133 luter
1163 5068 1249 5133 illrrd
1270 5075 1373 5134 turncn
1397 5071 1553 5152 negotium
1570 5070 1646 5135 meis
1663 5072 1779 5136 euroni
1794 5069 1915 5139 amieis.
1934 5067 2091 5133 contrarii
2110 5065 2253 5150 aliquid3

600 5204 667 5246 non
692 5183 801 5247 solum
826 5182 967 5260 domini,
991 5183 1050 5248 sed
1074 5185 1175 5249 etism
1202 5185 1284 5249 meis
1309 5183 1408 5250 rebus
1433 5207 1569 5271 operam
1595 5185 1682 5251 dedi.
1732 5189 1791 5252 711
1821 5186 1918 5250 Modo
1941 5192 2050 5251 nostra
2073 5185 2134 5248 luc
2150 5182 2257 5247 emico

600 5302 735 5374 accedat,
762 5299 804 5362 cf.
830 5298 903 5364 Orc.
929 5302 968 5363 91
996 5322 1027 5385 p.
1053 5301 1105 5375 26,
1131 5299 1188 5366 Tc.
1214 5302 1279 5364 239
1304 5303 1390 5366 Nam
1414 5310 1533 5367 neuster
1556 5325 1730 5385 numquam
1754 5303 1834 5367 satis
1869 5302 1955 5367 dedit
1989 5323 2054 5366 sues
2088 5299 2256 5386 quisquam

601 5417 712 5481 ainictu
746 5423 879 5491 ornator,
904 5416 1077 5481 collocatio
1102 5417 1283 5482 uerborum
1308 5418 1488 5483 artificiose
1511 5420 1554 5484 cf.
1582 5441 1611 5503 p.
1639 5422 1667 5483 6.
1716 5417 1795 5483 Tria
1819 5416 1984 5502 exempla,
2010 5415 2067 5480 ubi
2097 5436 2163 5479 uox
2188 5416 2255 5494 Olfi-

601 5533 646 5598 iii
669 5538 769 5609 extat,
795 5554 826 5617 p.
855 5534 896 5596 15
919 5532 1026 5597 attuli.
1074 5532 1135 5597 Ph.
1160 5534 1225 5596 422
1265 5534 1349 5599 Tuos
1372 5542 1418 5600 est
1440 5535 1614 5600 damnatus
1635 5545 1753 5618 gnatus
1775 5557 1838 5599 non
1868 5540 1912 5609 tu,
1944 5540 2070 5616 quotus,
2107 5531 2141 5596 ui
2181 5551 2256 5595 con-

602 5648 705 5713 traria
739 5648 888 5713 effertur.
943 5648 1005 5713 Hc.
1042 5651 1085 5712 42
1126 5651 1195 5733 Epo
1233 5649 1352 5721 interea
1387 5675 1488 5718 meum
1522 5673 1585 5717 non
1617 5652 1708 5733 potui
1742 5650 1847 5715 tutari
1877 5652 1986 5723 loetum.
2026 5648 2138 5713 locum
2166 5668 2255 5728 eum,

603 5788 706 5859 quem
731 5786 845 5831 meum
869 5786 941 5831 esse
965 5766 1149 5853 oportebat.
