5650 7325
913 987 965 1050 '30
1204 973 1207 980 Ι
1602 1006 1708 1058 11155115
1729 1006 1758 1058 P.
1779 1005 1904 1058 Nilason.
2011 1002 2013 1006 ’

922 1163 1601 1248 55555615115515555(1515555555
1625 1165 1741 1229 uxoris
1765 1186 1867 1229 causa
1891 1165 2048 1250 suscepit,
2075 1165 2195 1229 555115
2235 1184 2297 1228 555
2334 1163 2506 1245 liberauit;
2544 1166 2589 1231 cl.

923 1279 962 1344 R.
991 1282 1077 1343 1265
1101 1301 1150 1364 sq.
1199 1279 1418 1353 Adulescens,
1445 1281 1502 1365 qui
1529 1282 1584 1345 As.
1611 1280 1669 1357 ΙΙΙ,
1695 1284 1715 1345 3
1739 1303 1759 1345 5
1784 1282 1890 1367 seruis
1916 1279 2230 1366 blandis‘precibus
2255 1289 2432 1365 argeutum
2451 1282 2589 1346 auferre

912 1396 1044 1471 studet,
1071 1418 1128 1462 eos
1151 1396 1301 1481 appellat
1326 1420 1356 1462 u.
1383 1399 1449 1462 689
1476 1398 1502 1462 0
1526 1397 1660 1472 lobene,
1687 1399 1730 1461 mi
1757 1404 1902 1480 patrone,
1927 1399 1986 1462 691
2018 1397 2071 1462 Mt
2099 1398 2227 1478 Libane,
2253 1401 2366 1463 ocellus
2401 1417 2530 1478 oureus,
2557 1408 2589 1462 et

922 1512 1031 1577 ntnica
1056 1517 1122 1578 664
1147 1514 1201 1580 Da
1224 1536 1313 1580 meus
1334 1519 1540 1588 5551155555
1564 1536 1647 1583 rosa.
1672 1538 1757 1580 meree
1781 1515 1908 1579 unimus
1919 1513 1950 1596 ¹),
1972 1537 2038 1578 mu
2062 1517 2218 1596 troluptoa,
2244 1513 2399 1596 Leonida,
2424 1521 2587 1597 arpentum

921 1629 1012 1705 mitt,
1036 1628 1096 1694 sed
1121 1631 1222 1694 ne‘in
1249 1631 1301 1695 his
1324 1632 1462 1716 quidem
1489 1633 1645 1716 precibus
1669 1631 1795 1697 intimis
1820 1652 1913 1717 prou.
1940 1653 2074 1716 semper
2097 1630 2250 1705 additur,
2291 1631 2332 1696 cl.
2371 1653 2439 1695 mea
2473 1631 2590 1696 nutriet

921 1744 998 1811 Aul.
1023 1747 1098 1822 691,
1125 1746 1188 1812 Ad.
1215 1749 1278 1812 288
1304 1749 1408 1813 uerba
1438 1749 1597 1814 atunmae.
1646 1752 1772 1814 855555
1797 1770 1942 1833 quoque,
1969 1749 1995 1813 si
2021 1747 2137 1813 laetitia
2162 1757 2195 1812 et
2218 1747 2328 1831 gratia
2351 1745 2506 1823 afficitur,
2533 1747 2589 1811 155

925 1860 1051 1926 minem
1077 1862 1220 1928 liberum
1248 1867 1448 1948 pronomine
1473 1866 1588 1931 addito
1612 1866 1812 1952 alloquitur;
1852 1889 1903 1932 ex.
1929 1887 1955 1931 c.
1983 1866 2098 1950 Syrus,
2123 1865 2177 1929 cui
2204 1864 2340 1930 Demeae
2364 1884 2466 1948 opera
2491 1864 2585 1928 liber·

922 1985 974 2042 tas
1004 1977 1130 2043 donata
1154 1989 1212 2057 est,
1238 1981 1301 2045 Ad.
1336 1984 1398 2047 961
1426 1984 1452 2049 0
1477 1983 1731 2063 nostcr'Demeo,
1756 1984 1861 2065 edepol
1883 1984 1938 2048 uir
1973 1983 2090 2048 65555.
2142 1981 2224 2046 Haec
2264 1981 2371 2064 inagis
2406 1979 2587 2044 familiaris

922 2093 1104 2177 appellatio
1129 2097 1299 2162 interdum
1327 2101 1428 2164 etiam
1455 2099 1520 2165 alio
1557 2109 1651 2165 motu
1687 2101 1792 2164 animi
1828 2100 1981 2172 efficitur,
2018 2107 2055 2163 ut
2090 2119 2176 2163 anus
2207 2097 2384 2183 perterrita
2419 2094 2588 2160 exclamat

924 2210 1902 2308 6155.683115155551551155555511555555111555
1939 2217 2126 2301 implorans
2152 2215 2190 2281 R.
2217 2215 2280 2278 867
2307 2215 2350 2278 mi
2389 2211 2586 2278 06555ίά51.

922 2320 973 2389 Oi.
1001 2349 1099 2412 porro
1124 2350 1175 2394 ex.
1201 2352 1227 2395 c.
1254 2333 1390 2398 initium
1414 2356 1532 2401 scaenae
1559 2335 1619 2399 Ad.
1645 2334 1687 2409 II,
1713 2338 1744 2414 4,
1770 2335 1827 2399 551
1854 2334 1975 2399 iratres
1999 2333 2224 2409 conueniunt;
2250 2330 2334 2395 alter
2350 2328 2431 2394 dicit
2451 2334 2586 2393 tantum

925 2441 1071 2524 ote-epto
1105 2467 1137 2510 u,
1176 2449 1250 2522 266,
1283 2448 1375 2523 51155,
1412 2451 1510 2516 cuius
1553 2453 1662 2537 gratia
1705 2459 1739 2516 et
1772 2472 1869 2516 amor
1914 2450 2138 2535 superfluunt,
2175 2448 2222 2514 sic
2247 2447 2321 2511 iulit
2357 2467 2389 2510 5.
2431 2445 2496 2509 268
2536 2465 2585 2528 sq.

923 2581 940 2622 o
980 2560 1023 2623 mi
1047 2562 1212 2640 AEeclu'ne,
1242 2565 1337 2630 Omi
1357 2589 1514 2648 ymmone.
1563 2567 1673 2633 Senex
1699 2588 1778 2633 cum
1803 2567 1870 2632 filie
1895 2588 2012 2632 seuere
2037 2567 2178 2651 loquens
2214 2585 2289 2629 eam
2325 2561 2474 2648 appellat
2510 2560 2587 2626 Phi·

917 2677 1047 2740 lamenu
1077 2677 1139 2742 Hc.
1165 2681 1247 2758 243;
1285 2682 1429 2768 515551
1457 2705 1595 2749 uxorem
1622 2684 1848 2768 reprehendit,
1875 2685 2017 2750 Soetnrto
2043 2681 2105 2747 Hc.
2132 2683 2207 2755 223,
2232 2701 2272 2745 aa
2295 2685 2420 2751 autem,
2446 2697 2524 2761 quae
2552 2696 2586 2740 se

922 2810 1083 2857 excusare
1107 2795 1229 2871 studet,
1255 2798 1301 2863 mi
1325 2800 1445 2865 Lucios
1470 2822 1500 2866 u.
1527 2803 1601 2867 206.
1652 2800 1710 2865 Ph.
1737 2803 1802 2866 254
1837 2800 2036 2866 adulescens
2069 2798 2151 2863 dicit
2175 2798 2228 2862 Mi
2258 2802 2384 2877 patrae,
2417 2796 2529 2872 55155,
2560 2792 2589 2876 is

922 2905 1216 2995 autemjgbreurter
1240 2914 1421 2997 respondet
1444 2924 1477 2981 51
1501 2938 1577 2982 eum
1603 2917 1786 3002 alloquitur
1811 2938 1841 2980 u.
1868 2918 1930 2981 257
1960 2904 2101 2999 11591155,
2128 2913 2292 2979 Platea.
2333 2910 2404 2975 ÷Hc
2431 2908 2478 2973 lV
2507 2906 2586 2972 adu·

922 3020 1059 3096 lesoeus,
1100 3026 1157 3109 qui
1197 3048 1274 3093 eum
1312 3032 1508 3115 parentibus
1543 3034 1691 3119 grauiter
1726 3033 1939 3118 colloquitur,
1976 3031 2178 3117 pronomine
2202 3029 2328 3093 omisso
2353 3025 2434 3091 dicit
2464 3046 2495 3088 u.
2521 3024 2587 3087 590

915 3146 1030 3214 51515,
1056 3144 1130 3215 612,
1164 3146 1229 3208 655
1260 3154 1360 3228 putor.
1408 3149 1541 3215 Ancilla
1576 3149 1700 3216 blande
1735 3172 1845 3227 55555,
1871 3158 1909 3214 51
1944 3149 2081 3236 cistella,
2118 3169 2221 3231 quam
2258 3145 2380 3218 amisit,
2417 3142 2480 3207 sibi
2516 3139 2588 3205 red·

923 3253 1022 3319 datur
1057 3258 1101 3321 mi
1135 3259 1283 3342 ermines,
1308 3264 1354 3329 mi
1387 3275 1572 3349 spectatores
1607 3266 1674 3332 Ost.
1715 3268 1791 3341 678,
1816 3267 1859 3331 cf.
1898 3266 1971 3330 723.
2020 3263 2084 3328 855
2123 3284 2164 3328 55
2197 3261 2345 3347 amplius
2380 3258 2422 3324 de
2455 3257 2518 3322 hac
2552 3277 2588 3321 re

923 3370 1028 3436 uerba
1052 3374 1182 3452 luciam,
1208 3376 1249 3442 de
1273 3374 1386 3445 uerbis
1413 3381 1547 3447 Demea
1573 3403 1709 3447 monere
1734 3381 1819 3453 uolo,
1846 3382 1904 3466 qui
1929 3387 2029 3446 antea
2053 3400 2192 3445 seuerus
2216 3384 2249 3443 et
2272 3377 2377 3442 tristis
2400 3365 2531 3440 comem
2554 3380 2588 3436 et

923 3487 1097 3554 affabilem
1132 3513 1168 3557 se
1205 3497 1354 3578 praebere
1379 3498 1499 3573 studet,
1526 3499 1589 3564 Ad.
1615 3500 1680 3565 883
1713 3520 1763 3582 sq.
1803 3499 1882 3581 Quis
1916 3498 2030 3564 horno?
2064 3521 2081 3560 o
2118 3482 2199 3580 Syre
2229 3502 2341 3574 noster,
2366 3495 2473 3556 55155·
2508 3488 2590 3572 quid

914 3604 982 3689 fil?
1016 3607 1095 3692 quid
1124 3611 1259 3693 tryller?
1284 3617 1314 3677 lss
1341 3615 1443 3682 Recte.
1472 3621 1500 3679 e
1531 3617 1700 3699 Oplumrat.
1734 3616 1799 3682 inm
1823 3638 1909 3682 nune
1942 3616 2008 3680 haec
2040 3614 2104 3679 triu
2135 3612 2277 3697 primum
2318 3608 2432 3675 addidi
2470 3608 2589 3672 Praeter

921 3728 1092 3789 uicturam:
1129 3750 1165 3789 «o
1188 3738 1328 3804 noster,
1353 3734 1514 3819 qnidfit?
1548 3736 1627 3820 qutd
1649 3735 1798 3817 5911559»
1851 3707 2586 3810 81155515511155551555155551851655115

923 3836 1094 3904 interdum
1119 3841 1301 3910 inuenitur.
1350 3848 1425 3914 Am.
1463 3851 1528 3915 529
1565 3852 1809 3916 Lacruumntern
1847 3872 1884 3914 55
1919 3849 2009 3913 aetite
2044 3851 2214 3913 amoenus
2250 3852 2284 3910 tu
2318 3850 2406 3908 tuam
2445 3862 2585 3912 umorem,

923 3951 995 4018 (las.
1025 3958 1087 4020 136
1112 3959 1189 4023 Sine
1211 3969 1279 4025 tuoe
1303 3969 1411 4031 ocellos
1435 3968 1600 4043 deosculer,
1626 3969 1774 4048 rtolaptor
1799 3990 1874 4041 rnen,
1902 3964 1980 4029 Mrc¹
2017 3966 2099 4038 475;
2148 3961 2320 4027 interdum
2356 3957 2453 4044 quasi
2490 3975 2586 4020 uoca-

923 4069 1033 4135 tiunm
1058 4072 1234 4159 obliquum
1260 4101 1332 4146 esse
1356 4081 1458 4162 dicas,
1483 4083 1504 4149 i.
1529 4105 1557 4149 5.
1583 4083 1776 4150 5551555115
1800 4082 1993 4156 uerborum,
2018 4102 2093 4166 qnae
2126 4082 2161 4144 in
2186 4078 2343 4144 uocatiuo
2367 4065 2447 4140 casu
2480 4062 2588 4138 solen-

925 4187 976 4252 nis
1001 4198 1061 4270 est,
1085 4191 1128 4256 ad
1153 4186 1380 4278 praedicatum
1401 4200 1547 4265 refertur
1569 4200 1626 4267 Tc.
1664 4202 1723 4266 881
1766 4201 1837 4265 lom
1874 4198 1960 4285 <mel
2000 4196 2126 4284 tu<o>m
2166 4199 2290 4261 oculum
2327 4191 2430 4278 (non)
2468 4191 2591 4255 uocas?

924 4304 989 4369 Μο.
1019 4309 1078 4373 167
1114 4310 1189 4375 Volo
1214 4336 1277 4377 meo
1296 4304 1423 4397 placere.
1447 4317 1638 4394 Plrilolurlri,
1656 4341 1721 4383 meo
1746 4320 1848 4394 ocello,
1871 4339 1936 4381 meo
1954 4312 2137 4398 petronae,
2155 4313 2199 4379 cf.
2225 4312 2264 4376 R.
2290 4312 2366 4384 442,
2383 4307 2441 4373 Tc.
2459 4307 2535 4380 519,
2553 4313 2587 4370 et

923 4424 1015 4508 atiud
1039 4427 1179 4493 nomina
1204 4431 1339 4515 propria
1364 4431 1427 4497 An.
1454 4420 1529 4507 685,
1556 4433 1612 4498 Η1.
1640 4435 1714 4509 311,
1741 4435 1815 4506 821,
1843 4431 1904 4496 Hc.
1930 4416 2005 4496 588.

1347 4612 1377 4677 l.
1427 4611 1648 4681 Pronomen
1674 4610 1951 4701 possessiuum
1978 4608 2162 4678 ulceret.
2261 4676 2265 4685 ,

933 4809 935 4813 .
1031 4753 1101 4818 lam
1128 4755 1287 4838 pleraque
1311 4754 1476 4838 exempla,
1502 4756 1560 4820 ubi
1584 4777 1679 4840 pron.
1705 4776 1792 4840 poss.
1823 4755 1927 4820 subst.
1953 4755 2065 4838 ipsum
2091 4750 2269 4823 antecedit,
2294 4749 2402 4824 attuli,
2428 4757 2461 4813 51
2484 4748 2519 4811 iu
2545 4747 2587 4813 iis

922 4877 982 4934 aut
1006 4870 1040 4933 ui
1064 4871 1225 4955 peculiari
1249 4870 1374 4935 elatum
1400 4872 1524 4935 autad
1549 4872 1751 4948 senteutiam
1777 4871 2003 4936 necessarium
2029 4877 2109 4935 5551.
2157 4867 2223 4932 Sed
2248 4888 2288 4931 ea
2322 4885 2459 4950 quoqne
2494 4872 2585 4932 sunt,

923 4986 957 5050 in
983 4985 1107 5071 quibus
1132 5007 1227 5071 prou.
1255 4988 1367 5052 minus
1403 4989 1631 5053 necessarium
1667 4988 1726 5061 sit:
1765 4987 1837 5053 haec
1875 4992 1955 5051 suut
1986 4987 2057 5050 iere
2090 4986 2142 5057 52,
2168 5006 2219 5048 ex.
2256 5003 2282 5048 c.
2326 4982 2398 5047 Aa·
2417 4982 2482 5045 649
2520 5002 2586 5045 meu

923 5103 1006 5168 dictu
1044 5107 1198 5175 decorate,
1225 5105 1299 5169 Aul.
1326 5107 1391 5169 626
1420 5105 1575 5171 Continuo
1598 5129 1697 5171 merem
1734 5128 1786 5170 cor
1820 5105 1918 5187 eoepit
1956 5110 2054 5168 ortem
2093 5105 2197 5182 focem
2232 5101 2398 5165 ludicrum.
2449 5096 2497 5161 1)5
2532 5095 2587 5160 his

916 5221 1087 5306 exemplis
1127 5220 1322 5305 singillatim
1358 5221 1531 5307 disputare
1567 5244 1635 5287 uon
1673 5243 1819 5307 possum,
1849 5241 2058 5306 quamquam
2096 5239 2162 5283 nou
2200 5238 2275 5281 raro
2310 5213 2410 5279 credo
2445 5233 2583 5280 causam

918 5337 1025 5402 liuius
1049 5339 1277 5404 collocationis
1301 5340 1497 5425 inuestigari
1539 5360 1643 5424 posse
1694 5338 1758 5403 Sed
1795 5338 1924 5404 etiarnsi
1962 5337 2036 5402 haec
2071 5334 2226 5419 exempla
2262 5332 2477 5413 exceptiones
2512 5349 2585 5394 esse

923 5454 1091 5536 statuitur,
1116 5477 1157 5519 ex
1182 5455 1347 5541 exemplis
1372 5469 1485 5522 tamen
1510 5465 1611 5521 55155
1634 5456 1839 5521 enumeratis
1871 5476 1965 5539 prou.
1992 5454 2097 5519 subet.
2135 5453 2246 5537 ipsum
2279 5447 2493 5519 antecedens,
2519 5446 2582 5511 uisi

924 5569 958 5634 ui
982 5570 1132 5650 effertur,
1157 5571 1199 5636 art
1224 5573 1426 5638 senteutiam
1454 5573 1681 5638 necessarium
1707 5594 1779 5638 esse
1803 5573 1908 5637 solere
1932 5577 2086 5655 apparet;
2124 5569 2165 5634 de
2188 5567 2309 5637 causis,
2327 5585 2388 5629 cur
2411 5561 2582 5628 interdum

922 5688 1024 5752 etiam
1049 5689 1082 5753 ui
1108 5709 1226 5754 cerens
1252 5690 1410 5755 hocloco
1435 5695 1590 5775 ponatur,
1615 5690 1695 5755 uide
1719 5709 1796 5774 quae
1820 5709 1924 5772 supra
1949 5709 1980 5772 p.
2007 5688 2050 5751 23
2074 5685 2153 5751 dixi.

930 5801 1085 5809 ...φ-

1032 5843 1050 5908 ¹)
1069 5846 1138 5898 Mas.
1158 5849 1198 5897 ml
1216 5845 1306 5899 anime
1325 5863 1396 5919 corr.
1419 5847 1573 5898 Pitanae.

1030 5942 1051 6012 ¹)
1069 5944 1139 5999 Post
1159 5946 1307 5998 Bormvu
1327 5946 1354 5997 b.
1374 5945 1391 5997 1.
1413 5945 1517 6012 legitur
1544 5941 1605 5997 Volo
1624 5960 1673 5995 ure.
