5650 7325
1626 2293 1896 2374 Prooemium

1169 2515 1220 2586 de
1245 2513 1447 2605 principiis
1471 2513 1682 2585 uerborum
1708 2514 1745 2584 in
1771 2515 1900 2606 linqua
1926 2516 2044 2586 latina
2069 2515 2353 2587 collocationis.

1035 2723 1126 2801 Quid
1151 2722 1194 2789 ed
1218 2744 1408 2788 sermonem
1433 2721 1524 2788 ualet
1546 2721 1719 2788 collocatio
1756 2723 1963 2789 uerborum?
2009 2722 2185 2789 Conexum
2221 2725 2492 2808 granunaticnnr,
2526 2723 2584 2806 qni

928 2841 964 2906 in
988 2839 1159 2906 hodiernis
1183 2838 1308 2925 linguis
1332 2858 1457 2924 magna
1481 2860 1523 2904 ex
1547 2846 1642 2923 parte
1673 2861 1691 2905 e
1726 2839 1944 2905 collocutione
1981 2839 2051 2905 sola
2086 2847 2236 2925 apparet,
2277 2840 2401 2925 linguae
2436 2839 2587 2922 antiquae

928 2955 1234 3034 terminationibus,
1258 2977 1343 3042 quas
1367 2956 1564 3040 frequentes
1588 2955 1724 3034 habent,
1743 2964 1872 3022 notant.
1913 2956 2027 3033 Quam
2051 2956 2094 3021 ob
2118 2977 2189 3021 rom
2214 2957 2249 3021 in
2279 2957 2331 3022 his
2354 2956 2479 3041 linguis
2496 2963 2587 3018 certa

928 3073 1145 3140 collocatione
1175 3073 1235 3150 uti,
1260 3078 1299 3138 ut
1326 3072 1540 3138 enuntiatum
1577 3072 1800 3159 intellegatur,
1835 3073 2005 3139 rarissime
2042 3094 2176 3138 necesse
2216 3080 2274 3138 est.
2323 3074 2434 3149 Quam
2471 3077 2585 3136 autem

927 3189 1027 3255 facile
1050 3197 1084 3255 et
1106 3189 1257 3255 celeriter
1279 3189 1493 3254 enuntiatum
1517 3189 1740 3274 intellegatur,
1766 3188 1912 3255 multum
1936 3189 2068 3272 differt3
2103 3189 2274 3274 adquam
2305 3210 2376 3254 rem
2413 3189 2514 3254 etiam
2551 3187 2586 3250 in

927 3285 1045 3392 lingua
1079 3305 1184 3371 latina
1211 3304 1385 3372 collocutio
1420 3305 1602 3371 uerborum
1643 3305 1829 3390 plurimum
1864 3306 1964 3372 ualet.
2012 3304 2099 3370 Nam
2131 3306 2343 3370 enuntiatum
2380 3305 2584 3370 concinnum

928 3430 961 3489 et
984 3422 1113 3488 bonum
1137 3423 1184 3488 ita
1207 3429 1443 3508 comparatum
1467 3442 1540 3487 esse
1563 3443 1633 3487 non
1657 3422 1742 3499 licet,
1768 3428 1805 3488 ut
1822 3421 2077 3488 terminationes
2094 3430 2291 3507 sequentem
2309 3422 2368 3485 uix
2385 3429 2418 3486 et
2433 3442 2520 3505 angre
2536 3442 2586 3483 eo·

927 3561 1053 3605 nexum
1071 3539 1235 3605 extricare
1260 3560 1395 3605 necesse
1419 3539 1471 3618 sit,
1496 3559 1607 3625 neque
1632 3538 1886 3605 collocationem
1909 3561 2077 3606 conexum
2107 3540 2285 3606 obscurare
2301 3538 2387 3615 licet,
2405 3537 2463 3602 sed
2480 3536 2523 3601 nd
2540 3535 2586 3610 id,

928 3654 1017 3739 quod
1041 3655 1070 3722 is
1093 3657 1152 3741 qui
1177 3655 1327 3742 loquitur
1349 3656 1525 3723 enuntiato
1548 3656 1659 3723 inesse
1675 3655 1792 3732 uoluit,
1810 3656 1945 3723 facilius
1961 3656 2227 3744 intellegendum
2245 3655 2407 3721 adiuuare
2423 3676 2509 3739 opus
2525 3660 2585 3717 est.

927 3772 957 3838 E
981 3773 1198 3839 collocatione
1221 3773 1325 3859 igitur
1347 3772 1530 3839 uerborum
1549 3774 1770 3856 perspicuitas
1793 3782 1826 3839 et
1849 3775 2050 3841 concinnitas
2073 3773 2239 3840 enuntiati
2264 3772 2397 3857 pendet.
2446 3770 2498 3834 Ad
2522 3771 2588 3835 hoc

926 3911 980 3955 res
1003 3889 1163 3955 omnibus
1187 3896 1267 3955 nota
1290 3891 1449 3976 pertinet:
1484 3890 1526 3956 ab
1550 3911 1590 3955 eo
1614 3889 1715 3967 enim,
1741 3889 1831 3975 quod
1856 3903 1956 3956 antea
1979 3897 2182 3967 notumest,
2206 3889 2421 3955 enuntiatum
2437 3888 2587 3972 incipere

928 4006 1021 4083 solet,
1047 4005 1138 4092 qnod
1175 4012 1340 4091 quantum
1377 4007 1412 4071 in
1449 4006 1575 4092 linguis
1610 4007 1781 4072 ueteribus
1816 4007 1936 4078 ualeat,
1963 4007 2101 4092 Wn1n1)
2135 4007 2303 4092 imprimis
2338 4005 2519 4071 aestirnauit
2553 4013 2589 4068 et

927 4121 1084 4187 ostendit.
1132 4123 1302 4199 Quoniam
1328 4123 1519 4189 subiectum
1544 4130 1643 4189 antea
1667 4130 1787 4188 notum
1811 4144 1883 4189 esse
1907 4123 2000 4200 solet,
2018 4122 2061 4188 ab
2085 4144 2124 4187 eo
2141 4123 2317 4189 enuntiata
2329 4122 2490 4207 pleraque
2507 4120 2588 4185 inci-

927 4239 1036 4325 piunt.
1084 4238 1137 4304 Ad
1161 4238 1249 4304 hanc
1274 4262 1343 4304 rem
1369 4239 1403 4304 id
1429 4261 1565 4325 quoque
1589 4240 1744 4326 pertinet,
1770 4239 1860 4326 quod
1886 4239 2000 4317 uerba,
2025 4262 2100 4325 qnae
2137 4260 2268 4305 conexu
2300 4238 2522 4323 grammatico
2553 4244 2588 4301 et

927 4354 1035 4440 logico
1058 4356 1147 4421 inter
1170 4377 1205 4421 se
1228 4355 1410 4421 coniuncta
1433 4361 1522 4435 suirt,
1548 4377 1652 4443 quam
1677 4357 1832 4442 proxima
1862 4357 2068 4422 collocantur
2091 4356 2111 4421 i.
2137 4378 2164 4421 e.
2190 4355 2381 4422 continuari
2406 4354 2523 4422 solent.
2549 4365 2588 4418 ut

926 4471 1127 4538 attributum
1150 4471 1247 4536 iuxta
1269 4472 1522 4538 substantiunm
1547 4480 1580 4538 et
1603 4472 1773 4539 obiectum
1797 4473 2028 4539 accusatinum
2052 4473 2147 4538 iuxta
2164 4471 2383 4558 praedicatum
2400 4471 2587 4555 saepissime

927 4595 1083 4674 ponatur.
1132 4587 1219 4653 Cum
1254 4589 1346 4654 enim
1381 4588 1551 4655 obiectum
1576 4589 1807 4655 accusatiuum
1832 4590 1986 4676 proxime
2019 4589 2061 4654 ad
2096 4589 2316 4675 praedicatum
2352 4587 2518 4673 pertineat
2554 4593 2588 4651 et

927 4704 1139 4790 aplerisque
1164 4703 1286 4782 uerbis,
1311 4724 1389 4791 quae
1412 4704 1548 4791 proprie
1572 4704 1620 4771 sic
1643 4705 1810 4785 dicuntur,
1841 4707 2041 4792 requiratur,
2078 4713 2116 4771 ut
2150 4705 2319 4770 obiectum
2353 4704 2585 4769 accusaturum

927 4842 1003 4887 eam
1027 4820 1070 4885 ob
1098 4842 1170 4886 rem
1194 4821 1300 4886 artius
1323 4842 1401 4887 cum
1427 4821 1531 4887 uerbo
1556 4842 1616 4887 suo
1640 4842 1743 4907 quam
1769 4821 1969 4888 attributum
2006 4843 2083 4886 curn
2119 4820 2332 4887 substantiuo
2365 4821 2585 4885 coniunctum

927 4937 980 5015 sit,
1005 4936 1099 5002 nulla
1121 4944 1172 5003 est
1194 4958 1296 5003 cause
1319 4959 1380 5003 cur
1402 4937 1571 5004 obiectum
1596 4938 1827 5004 accusatiuum
1852 4938 1895 5003 ad
1921 4938 2065 5004 uerbum
2090 4938 2202 5002 minus
2240 4958 2343 5022 quam
2383 4938 2583 5002 attributum

926 5053 969 5118 ad
994 5052 1246 5119 substantiuum
1271 5076 1307 5120 se
1330 5055 1485 5141 applicet.
1534 5054 1563 5120 Ε
1587 5054 1703 5140 lingua
1726 5055 1930 5140 primigenia
1953 5076 2053 5141 porro
2077 5053 2201 5119 tradita
2224 5054 2277 5119 lex
2302 5061 2362 5133 est,
2381 5061 2417 5118 ut
2441 5053 2583 5118 uerlnun

926 5168 1019 5255 quod
1042 5169 1134 5234 aliud
1159 5169 1277 5235 definit
1299 5169 1333 5235 id
1359 5170 1450 5256 quod
1474 5170 1635 5237 definitur
1658 5171 1842 5237 antecedat.
1891 5170 2101 5237 Aduerbium
2136 5170 2352 5244 adiectiuum,
2378 5170 2583 5235 adiecturum

928 5292 962 5351 et
999 5284 1172 5372 genitiuus
1206 5287 1427 5353 attributiuns
1462 5287 1713 5353 substantiuum
1747 5287 1952 5354 antecedunt
1964 5286 1998 5373 ²),
2033 5287 2200 5353 obiectum
2238 5289 2469 5353 accusetinum
2507 5295 2586 5351 ante

928 5402 1149 5488 praedicatum
1172 5403 1310 5490 ponitur
1321 5402 1352 5489 ³),
1378 5426 1456 5489 quae
1479 5404 1652 5470 collocatio
1676 5406 1778 5471 etiam
1802 5405 1943 5471 uocibus
1968 5403 2011 5470 ad
2046 5404 2153 5470 instar
2192 5404 2468 5470 coniunctionum
2503 5405 2586 5469 unti-

930 5548 1089 5557 ———

1036 5644 1055 5713 ¹)
1072 5648 1170 5713 Wurn,
1191 5649 1232 5701 De
1251 5648 1354 5702 l'ordre
1373 5649 1426 5702 des
1445 5646 1541 5715 mots'‚
1561 5667 1588 5717 p.
1607 5649 1642 5703 20
1661 5667 1722 5717 sqq.
1743 5650 1894 5718 praecipue.

1035 5742 1252 5810 ¹)Drnnnircu,
1281 5748 1486 5815 Syntaktlschc
1514 5749 1721 5815 Forsclrungen
1749 5749 1800 5813 IV,
1830 5766 1856 5815 p.
1878 5749 1929 5802 150
1954 5765 2024 5816 sqq,
2052 5751 2088 5801 cl.
2117 5750 2169 5814 ΙΙΙ,
2199 5766 2225 5815 p.
2244 5749 2279 5800 35
2298 5756 2325 5800 et
2345 5749 2388 5802 4⁸2.
2427 5746 2585 5800 tlrnmlriss

931 5835 983 5887 der
1003 5836 1244 5902 vergleichenden
1264 5836 1444 5891 Grammatik
1464 5838 1498 5904 V,
1518 5837 1551 5890 97
1571 5854 1633 5905 sqq.

1040 5930 1062 5995 'l
1079 5935 1161 5990 Idem
1181 5936 1259 6005 Μ.
1277 5936 1331 6002 III,
1351 5953 1378 6004 p.
1397 5935 1434 5991 24
1451 5952 1523 6005 sqq,
1542 5936 1668 5992 Grundr.
1689 5937 1723 6005 V,
1741 5936 1778 5991 80
1797 5954 1858 6007 sqq.
