5650 7325
933 989 978 1054 44
1603 1008 1710 1063 Martia
1729 1007 1759 1062 P.
1780 1009 1908 1062 Nilsson.

933 1168 969 1233 in
994 1170 1164 1255 plerisque
1188 1178 1302 1235 tamen
1326 1190 1434 1235 unum
1459 1169 1512 1233 uel
1536 1168 1604 1234 duo
1628 1176 1698 1234 arte
1723 1171 1903 1235 coniuncta
1927 1170 2136 1246 inserentem
2173 1168 2295 1254 quodsi
2331 1177 2439 1235 metro
2470 1177 2593 1255 aptum

932 1292 990 1362 cst,
1006 1307 1093 1372 poss.
1118 1307 1139 1352 a
1162 1287 1375 1353 substantioe
1399 1286 1533 1371 longius
1557 1285 1738 1365 diuellitur,
1763 1309 1832 1372 qua
1855 1287 1896 1352 de
1920 1308 1955 1352 re
1971 1285 2095 1352 certius
2115 1285 2244 1370 aliquid
2262 1287 2364 1352 statui
2380 1307 2452 1351 non
2468 1292 2591 1371 potest.

1661 1465 1678 1501 ἸΙ
1843 1464 1860 1502 *

1751 1553 1768 1592 *

1041 1644 1086 1709 Vt
1108 1665 1161 1711 res
1185 1666 1289 1730 quam
1315 1646 1513 1711 breuissime
1542 1646 1829 1731 comprehendam
1859 1645 1932 1712 haec
1967 1645 2091 1710 dicam:
2129 1645 2228 1710 Pron.
2266 1665 2366 1728 poss,
2397 1641 2491 1727 quod
2516 1643 2590 1707 uim

931 1762 1133 1846 peculiarem
1157 1762 1211 1826 uel
1236 1762 1407 1846 propriam
1431 1760 1534 1826 habat
1557 1760 1611 1827 uel
1635 1762 1865 1846 significanter
1888 1760 2135 1836 dicitur,subst.
2153 1759 2353 1826 antecedere
2373 1759 2459 1826 solet
2474 1764 2589 1843 atqua,

930 1884 969 1943 ut
992 1878 1119 1943 maiore
1143 1878 1178 1943 ui
1202 1878 1372 1956 efferatur,
1397 1899 1418 1942 a
1441 1878 1655 1943 substantiuo
1679 1877 1900 1963 disiungitur;
1937 1878 1964 1943 si
1988 1879 2151 1963 sequitur,
2177 1876 2268 1961 quod
2302 1896 2418 1941 rarum
2444 1882 2505 1950 cst,
2531 1881 2592 1939 aut

930 1993 995 2059 alio
1019 1992 1120 2060 modo
1145 1995 1197 2059 uis
1220 1995 1403 2078 conspicua
1427 1995 1464 2059 lit
1487 1994 1658 2079 (clriasma
1683 1994 1866 2080 anaphora,
1891 1994 2006 2060 datiuo
2030 2015 2124 2080 pron.
2161 1992 2347 2080 personalis
2370 1990 2508 2074 addito),
2531 1996 2592 2054 aut

930 2112 1026 2176 metri
1050 2130 1152 2176 causa
1175 2131 1250 2175 raro
1275 2111 1489 2197 postponitur
1517 2095 1685 2197 praecipue
1718 2112 1752 2176 in
1784 2112 1850 2176 fine
1886 2132 2004 2177 uersus
2027 2112 2063 2176 in
2087 2111 2241 2177 iambum
2272 2109 2438 2175 exeuntis.
2486 2106 2588 2173 Pron.

929 2248 1028 2312 poss..
1052 2226 1142 2312 quod
1167 2225 1211 2291 ad
1234 2226 1438 2293 sententiam
1461 2228 1688 2292 necessarium
1713 2228 1768 2292 uel
1791 2233 1909 2313 aptum
1933 2234 1992 2304 est,
2017 2227 2113 2293 iuxta
2139 2225 2257 2304 subet,
2292 2224 2348 2291 uel
2383 2222 2590 2290 antecedens

928 2342 983 2409 uel
1006 2364 1160 2428 sequens,
1187 2343 1266 2428 poni
1290 2341 1390 2421 solet;
1430 2342 1488 2408 sed
1523 2342 1692 2409 interdum
1729 2343 1945 2428 disiungitur,
1970 2344 2156 2429 praesertim
2193 2350 2231 2407 ut
2266 2361 2414 2427 sequens
2448 2341 2485 2404 in
2521 2338 2589 2403 fine

927 2481 1046 2525 uorsus
1069 2467 1230 2544 ponatur;
1264 2458 1471 2524 disiunctum
1497 2459 1602 2525 subst.
1627 2459 1825 2526 antecedere
1849 2482 1918 2525 non
1942 2460 2034 2526 solet.
2083 2459 2182 2525 Pron.
2219 2479 2319 2544 poss,
2344 2456 2438 2543 quod
2474 2475 2589 2541 super·

927 2595 1113 2642 uacaneun]
1139 2574 1284 2653 uidetur,
1304 2576 1400 2661 sequi
1424 2576 1509 2641 solet
1532 2597 1620 2661 saepe
1644 2577 1679 2640 in
1703 2576 1770 2642 fine
1794 2598 1913 2642 uersus
1936 2576 2103 2662 positum3
2139 2597 2215 2641 raro
2231 2573 2401 2641 antecedit
2416 2572 2588 2658 praecipue

927 2712 984 2757 eas
1007 2713 1117 2769 uoces,
1142 2691 1267 2777 quibus
1296 2693 1532 2778 propinquitas
1548 2692 1767 2777 significatur,
1784 2693 1876 2778 apud
1893 2713 1978 2777 quas
1995 2694 2196 2780 pronomina
2213 2691 2352 2757 liberius
2368 2689 2587 2756 collocantur.

1034 2807 1134 2884 Quod
1158 2809 1185 2874 si
1209 2809 1258 2874 ita
1281 2810 1471 2894 exponitur,
1497 2817 1534 2874 ut
1558 2809 1820 2895 significationes
1844 2808 2101 2876 collocationum
2127 2808 2364 2894 explanantur,
2386 2807 2458 2873 haec
2474 2805 2588 2871 dicere

925 2924 1047 2990 uelim:
1095 2925 1195 2992 Pron.
1232 2946 1319 3011 poss.
1353 2947 1374 2990 a
1408 2925 1623 2993 substantiuo
1667 2926 1876 2992 disiunctum
1920 2925 2124 2992 antecedens
2174 2925 2246 2991 uim
2286 2929 2424 2990 auctam
2460 2920 2587 2987 habero

926 3042 1018 3118 solet,
1044 3049 1082 3106 ut
1116 3048 1176 3106 aut
1210 3042 1253 3106 sit
1280 3042 1315 3106 ui
1340 3043 1477 3127 propria
1500 3049 1559 3107 aut
1582 3043 1812 3128 significanter
1835 3043 1975 3109 dicatur.
2023 3043 2122 3107 Pron.
2148 3062 2236 3127 poss.
2257 3041 2290 3105 si
2327 3038 2433 3106 subst.
2470 3039 2586 3124 ipsum

924 3156 1102 3233 antecedit,
1138 3158 1223 3224 solet
1257 3178 1330 3223 θεεθ
1362 3159 1591 3224 necessarium
1620 3197 1662 3206 -
1687 3160 1715 3224 si
1748 3180 1817 3224 non
1852 3180 1994 3244 semper,
2020 3166 2055 3223 at
2088 3158 2214 3243 saepius
2238 3156 2377 3243 quidem
2402 3156 2449 3220 ita
2473 3175 2527 3219 res
2552 3175 2588 3219 se

924 3271 1036 3350 habet,
1061 3312 1104 3321 —
1120 3295 1160 3340 ac
1183 3295 1273 3360 saepe
1298 3296 1366 3340 non
1391 3274 1492 3340 modo
1517 3276 1746 3340 necessarium
1770 3282 1829 3352 est,
1855 3275 1913 3341 sed
1950 3276 2050 3340 etiam
2088 3275 2123 3340 ui
2162 3275 2310 3349 effertur,
2336 3292 2440 3357 quarn
2476 3270 2589 3356 figura

925 3389 1086 3455 orationis
1125 3411 1193 3455 non
1232 3391 1369 3464 indicat,
1406 3391 1465 3456 sed
1501 3413 1542 3456 ex
1578 3392 1745 3457 sententia
1783 3391 1854 3457 sola
1886 3391 2042 3476 colligere
2075 3412 2211 3457 necesse
2247 3398 2307 3456 est.
2355 3389 2455 3453 Pron.
2492 3407 2585 3472 poss.

925 3504 953 3586 si
982 3504 1086 3571 subst.
1124 3506 1352 3592 subsequitur,
1390 3508 1475 3574 solet
1510 3509 1544 3573 ui
1578 3531 1701 3586 carere,
1726 3530 1765 3574 ac
1801 3530 1890 3596 saepe
1924 3529 1992 3574 non
2029 3508 2130 3573 modo
2166 3509 2200 3572 ui
2236 3513 2337 3585 caret,
2373 3504 2433 3571 sed
2469 3523 2586 3588 supcr-

922 3641 1112 3689 uacaneum
1148 3644 1285 3710 quoque
1320 3631 1379 3691 est.
1438 3624 1569 3702 Quodsi
1606 3627 1639 3691 ui
1676 3627 1825 3703 effertur,
1864 3627 1973 3711 figura
2008 3625 2169 3691 orationis
2205 3623 2259 3690 uel
2295 3629 2441 3687 metrum
2481 3641 2588 3687 causa

922 3738 1152 3805 collocationis
1188 3748 1248 3806 est.
1301 3740 1396 3826 Saepe
1443 3743 1477 3807 in
1513 3743 1580 3808 fine
1622 3765 1740 3809 uersus
1783 3744 1929 3829 ponitur.
1988 3743 2088 3808 Pron.
2125 3762 2213 3827 poss.
2251 3740 2280 3806 si
2315 3760 2335 3805 a
2370 3738 2587 3803 substantiuo

921 3854 1130 3920 disiunctum
1161 3858 1324 3942 sequitur,
1349 3866 1409 3923 aut
1443 3860 1479 3923 in
1512 3859 1578 3924 fine
1613 3882 1731 3926 uersus
1763 3860 1816 3925 uel
1852 3860 1916 3926 coli
1952 3860 1986 3924 in
2023 3858 2176 3925 iambum
2213 3856 2369 3923 exeuntis
2408 3854 2490 3939 poni
2525 3860 2588 3919 aut

921 3970 1036 4036 uerbis
1074 3974 1185 4037 atonis
1232 3974 1367 4039 insertis
1391 3996 1412 4039 a
1447 3975 1661 4041 substantiuo
1694 3978 1825 4061 seiungi
1851 3976 1944 4043 solet.
2006 3975 2066 4040 Vis
2101 3975 2203 4041 etiarn
2239 3974 2349 4039 rarius
2388 3976 2488 4036 aucta
2523 3976 2586 4048 est;

921 4086 1043 4170 quodsi
1082 4095 1226 4173 augetur
1265 4090 1338 4155 haec
1373 4091 1547 4158 collocatio
1583 4101 1642 4158 aut
1674 4095 1791 4178 figurae
1831 4094 1994 4159 orationis
2036 4100 2095 4158 aut
2135 4098 2243 4157 metro
2282 4089 2442 4165 debetur;
2490 4085 2585 4151 haud

921 4222 997 4267 raro
1036 4202 1141 4269 subst.
1184 4207 1219 4270 ui
1259 4208 1429 4291 praecipua
1469 4210 1595 4275 elatum
1647 4212 1859 4295 antecapitur
1897 4211 2099 4296 pronomine
2134 4229 2204 4273 non
2243 4224 2499 4292 superuacaneo
2537 4224 2587 4268 εθ·

920 4328 1065 4402 quente;
1100 4320 1133 4385 in
1160 4320 1330 4406 plerisque
1354 4332 1470 4389 autern
1495 4327 1659 4411 exemplis
1676 4349 1771 4412 pron.
1789 4348 1877 4412 poss.
1896 4334 1955 4392 aut
1971 4327 2005 4391 ui
2027 4334 2118 4392 caret
2133 4331 2194 4390 aut
2209 4341 2506 4410 superuacaneum
2523 4326 2585 4385 θεῖ.

1367 4528 1673 4624 Pronomina
1707 4531 2131 4623 demonstratiua.

1026 4764 1061 4828 Si
1085 4786 1134 4841 ea,
1159 4786 1237 4850 quae
1261 4788 1301 4832 ox
1326 4767 1556 4854 disputatione
1580 4770 1621 4836 de
1645 4770 1904 4855 pronominibus
1928 4768 2127 4854 possessiuis
2143 4770 2342 4841 euenerunt,
2359 4781 2438 4827 cum
2451 4758 2587 4823 ratione

918 4878 1262 4947 deinonstratiuorum
1287 4905 1536 4970 comparamus,
1560 4888 1629 4951 ium
1654 4908 1695 4951 ex
1720 4887 1870 4951 numeris
1894 4886 1991 4970 (quos
2016 4886 2106 4950 infra
2136 4884 2243 4947 affero
2279 4879 2342 4945 sub
2373 4874 2587 4962 pronomini-

919 4995 983 5060 bus
1006 4996 1160 5081 singulis)
1184 5009 1325 5084 apparet
1347 5002 1383 5065 in
1408 5023 1447 5066 eo
1482 5002 1791 5067 dissimilitudinem
1829 5001 2048 5087 deprehendi,
2088 4999 2180 5085 quod
2215 4998 2328 5063 locum
2364 4999 2440 5079 post
2463 4990 2586 5066 subst,

919 5110 976 5176 ubi
1006 5116 1207 5197 possessiua,
1233 5116 1260 5180 si
1285 5118 1319 5181 ui
1343 5124 1470 5196 carent,
1494 5118 1679 5203 saepissime
1703 5119 1935 5197 inueniuntur,
1969 5117 2238 5184 darnonstratiua
2266 5110 2449 5198 repudiant
2477 5106 2586 5191 idque
2663 5116 2665 5119 ⁴

918 5228 991 5293 iure
1014 5250 1085 5294 suo.
1122 5229 1210 5295 Nam
1236 5253 1331 5318 pron.
1357 5234 1542 5299 demonstr.
1568 5242 1697 5299 naturae
1721 5242 1754 5300 et
1777 5235 2033 5320 significationis
2056 5255 2158 5300 causa
2182 5248 2373 5315 numquam
2397 5226 2469 5291 fere
2485 5222 2586 5288 omni

917 5343 953 5408 ui
978 5345 1106 5429 priuari
1130 5356 1249 5432 potest,
1275 5357 1313 5414 ut
1335 5370 1628 5434 superuacaneum
1657 5353 1701 5416 sit
1733 5353 1895 5437 nulloque
1924 5354 2058 5437 negotio
2093 5351 2211 5418 abesse
2250 5344 2397 5433 possit1),
2422 5349 2460 5406 ut
2491 5360 2586 5423 saepe

916 5466 952 5531 in
978 5463 1177 5545 posscssiuis
1199 5465 1405 5531 inuenimus.
1457 5467 1554 5531 Ratio
1577 5469 1668 5532 enim
1694 5469 1885 5553 possessiua
1908 5488 1998 5554 saepe
2023 5492 2065 5535 ex
2087 5466 2255 5535 sententia
2270 5461 2410 5528 auditur
2432 5464 2466 5523 et
2482 5474 2584 5541 pron.

917 5598 1005 5661 poss.
1031 5600 1120 5664 saepe
1143 5580 1288 5657 additur,
1314 5603 1524 5667 quamquam
1549 5605 1634 5668 opus
1658 5606 1726 5650 non
1763 5592 1827 5661 est;
1864 5585 2172 5652 demonstratiuum
2207 5588 2334 5659 autem,
2370 5574 2587 5655 ubicumque

917 5700 1019 5769 extat,
1050 5717 1089 5760 θο
1124 5698 1262 5763 nornine
1297 5698 1452 5763 additum
1489 5707 1611 5775 estut
1646 5702 1750 5766 subst.
1777 5723 1816 5767 θο
1853 5703 1925 5768 loco
1949 5713 2067 5769 notum
2093 5702 2145 5769 uel
2184 5706 2274 5766 certo
2310 5692 2411 5761 modo
2446 5707 2587 5775 compa·

919 5841 1078 5851 *—

1027 5913 1046 5980 ¹)
1065 5915 1207 5971 laetitio
1226 5935 1318 5985 pauca
1337 5920 1471 5987 exempla
1491 5921 1629 5989 praebent,
1649 5921 1810 5991 dequibus
1830 5922 1896 5975 uide
1916 5924 2001 5976 infra.
