5650 7325
938 886 980 954 14
1385 923 1388 927 ’
1613 899 1718 954 Martia
1740 898 1769 953 P.
1789 899 1915 952 Nilsson.
1938 941 1940 947 .

935 1082 1052 1133 uocem
1078 1065 1204 1140 definit,
1231 1064 1282 1129 Ps.
1309 1065 1383 1139 271,
1411 1061 1447 1125 R.
1478 1059 1895 1145 1002,1002sq..1035;
1933 1056 2045 1121 uerbis
2068 1055 2250 1120 interiectis
2292 1054 2330 1119 R.
2372 1054 2463 1119 1005.
2519 1049 2609 1116 Vox

934 1183 1009 1270 ipsa
1032 1180 1191 1253 omnibus
1215 1179 1296 1244 locis
1320 1179 1384 1242 nisi
1410 1178 1466 1242 Αε.
1494 1155 1557 1243 766
1581 1184 1614 1242 et
1639 1177 1677 1243 R.
1707 1178 1791 1240 1355
1814 1175 1963 1239 ublatiuo
1987 1193 2067 1237 casu
2091 1177 2192 1236 extat.
2525 1252 2532 1259 .

1041 1295 1291 1383 Significatione
1317 1293 1459 1358 finitima
1483 1302 1563 1358 sunt
1586 1293 1691 1358 uerba
1713 1313 1777 1356 caeo
1802 1290 2041 1374 mortalitem).
2093 1286 2212 1352 Verbis
2237 1286 2420 1351 interiectis
2438 1285 2506 1350 Mn.
2531 1286 2607 1348 2ὀο

911 1408 998 1479 ¹noa
1020 1423 1072 1479 tao
1095 1415 1153 1479 hoc
1166 1415 1227 1499 flet
1248 1413 1348 1487 modo,
1373 1410 1426 1474 Pr.
1452 1411 1526 1484 374,
1551 1408 1614 1474 Tn.
1640 1409 1703 1473 827
1728 1430 1794 1474 meo
1819 1406 2033 1493 usquemodo.

1041 1529 1075 1595 Si
1100 1550 1168 1594 mec
1189 1528 1302 1612 qratia
1324 1525 1379 1591 uel
1403 1549 1472 1590 mea
1496 1546 1593 1592 cauea
1616 1524 1748 1600 dicitur,
1775 1544 1868 1608 pron.
1896 1520 2031 1587 maioris
2055 1528 2106 1586 θεῖ
2131 1519 2302 1584 momenti.
2359 1518 2603 1595 Quamobrem

932 1647 1048 1727 pratia
1062 1665 1181 1710 uocem
1200 1664 1295 1729 pron.
1313 1663 1447 1726 semper
1463 1640 1640 1718 antecedit,
1658 1643 1679 1704 ὃ
1695 1661 1762 1723 cx.;
1788 1645 1908 1724 quater
1924 1637 1967 1702 ui.
1982 1637 2109 1702 maiore
2125 1636 2226 1700 etiam
2245 1635 2459 1720 disiungitur,
2485 1656 2541 1699 ex.
2572 1656 2601 1699 c.

933 1761 987 1826 Pr.
1011 1762 1075 1825 537
1102 1761 1180 1826 Mea
1203 1760 1328 1846 quidem
1350 1759 1432 1823 istuc
1454 1758 1503 1823 nil
1525 1759 1639 1841 refert:
1673 1763 1730 1822 tac
1752 1777 1805 1839 epo
1834 1757 1890 1820 hoc
1918 1754 2009 1838 sacis
2029 1754 2149 1836 pratea.
2201 1751 2326 1817 Vocem
2350 1759 2462 1818 autem
2488 1774 2605 1818 cauare

933 1876 1104 1942 interdum
1129 1875 1363 1960 subsequitur;
1400 1871 1457 1938 sed
1482 1893 1524 1937 ex
1550 1872 1601 1937 his
1625 1871 1790 1956 exemplis
1814 1891 1909 1956 pron.
1936 1871 1968 1935 ui
1994 1868 2119 1935 elutum
2156 1889 2224 1933 non
2259 1858 2332 1934 sine
2368 1890 2469 1934 causa
2506 1879 2600 1953 post·

935 1994 1015 2078 poni
1050 1992 1177 2076 optime
1207 1989 1392 2075 apparet¹).
1452 1987 1550 2052 Pron.
1588 1988 1678 2052 euim
1716 2008 1799 2052 non
1835 1987 1924 2051 nisi
1960 2004 2136 2068 uersum
2171 1984 2404 2050 concludit
2438 1986 2602 2070 sequitur

932 2109 985 2194 (ll
1011 2113 1085 2188 err).
1127 2107 1205 2181 Orc.
1233 2108 1295 2171 150
1319 2107 1480 2185 inuersa
1499 2104 1625 2198 ¹cretico
1649 2103 1737 2169 idem
1765 2103 1856 2178 licet;
1894 2124 1962 2167 nno
1988 2103 2137 2176 iocoue
2173 2122 2291 2168 uersus
2327 2102 2503 2180 claudicet,
2530 2101 2597 2167 dis·

931 2211 1086 2290 iunctum
1111 2221 1325 2308 postponitur
1349 2223 1383 2285 in
1406 2220 1475 2286 fine
1498 2240 1616 2285 uersus
1642 2219 1720 2285 Mrc.
1743 2221 1799 2283 151
1828 2221 1883 2306 qui
1906 2242 1953 2284 me.
1979 2219 2057 2301 rupi
2090 2240 2190 2284 carrea
2222 2221 2375 2284 currendo
2411 2226 2474 2286 tae.
2524 2215 2600 2283 Ple

934 2360 1078 2425 rumque
1101 2346 1215 2405 autem
1240 2345 1318 2403 ante
1342 2337 1458 2413 subet,
1485 2345 1521 2401 ut
1546 2358 1606 2422 par
1629 2344 1688 2411 θεῖ,
1702 2336 1875 2400 inuenitur
1899 2335 1954 2418 (19
1970 2336 2050 2419 ex.);
2077 2335 2128 2412 uis
2145 2337 2313 2420 praecipua
2332 2345 2381 2401 est
2398 2336 2459 2400 En.
2476 2338 2541 2403 481
2565 2347 2599 2404 et

935 2455 997 2521 Hc.
1022 2457 1097 2520 593.
1146 2455 1264 2520 Decies
1288 2454 1331 2519 ui·
1347 2454 1473 2518 maiore
1496 2452 1622 2518 elatum
1648 2473 1741 2536 pron.
1767 2473 1788 2517 a
1811 2451 2024 2517 substantiuo
2049 2451 2263 2537 disiungitur,
2289 2474 2340 2518 ex.
2366 2475 2392 2518 c.
2420 2453 2484 2538 Mg.
2509 2456 2599 2519 1352

938 2573 1085 2654 Tac‘epo
1108 2571 1173 2637 loc·
1187 2593 1286 2637 carna
1309 2570 1389 2635 dico.
1437 2570 1583 2654 (Quidem
1606 2575 1683 2654 post
1706 2589 1799 2654 pron.
1814 2568 1949 2634 additur
1967 2569 2035 2632 Mn.
2054 2570 2127 2644 727,
2148 2567 2201 2633 Pr.
2228 2570 2301 2656 282,
2322 2571 2359 2634 R.
2382 2555 2453 2646 139,
2471 2595 2508 2636 ne
2532 2571 2596 2656 Cp.

934 2688 1010 2765 845,
1035 2689 1109 2764 853,
1135 2687 1187 2751 Pr.
1216 2687 1300 2770 747),
1348 2685 1444 2770 Saepe
1461 2706 1537 2750 cum
1556 2686 1620 2750 hac
1637 2685 1671 2749 ui
1689 2705 1813 2769 magna
1829 2684 2028 2769 significatio
2045 2691 2259 2769 contemptus
2282 2686 2461 2752 coniuncta
2477 2695 2538 2764 est,
2560 2697 2598 2754 ut

934 2803 1052 2869 eadem
1077 2824 1180 2889 opera
1204 2803 1232 2868 is
1256 2802 1314 2886 qui
1339 2800 1530 2887 appellatur
1553 2800 1715 2886 indignus
1748 2821 1820 2866 esse
1856 2800 1996 2872 dicatur,
2022 2800 2119 2864 cuius
2154 2821 2256 2866 causa
2290 2802 2417 2888 aliquid
2456 2803 2513 2868 fiat
2538 2806 2596 2887 (cl.

933 2919 1024 2984 infra
1048 2941 1079 3004 p.
1105 2920 1168 3000 20),
1194 2939 1246 2983 ex.
1271 2938 1297 2982 c.
1326 2918 1400 2981 Aul.
1427 2918 1469 2981 85
1494 2938 1542 3001 sq.
1569 2918 1697 2982 Mirum
1719 2918 1798 3003 qaia
1821 2925 1876 2983 lue
1902 2915 2004 3002 [areae]
2030 2939 2077 2981 me
2100 2937 2199 2982 cama
2215 2917 2326 3001 saciat
2353 2919 2500 3002 Iuppiter
2520 2920 2599 3000 Pai-

933 3036 1057 3118 lippum
1080 3056 1190 3117 repam.

959 3194 992 3215 r,
1041 3148 1169 3215 Eodem
1194 3149 1294 3214 modo
1318 3149 1524 3215 adhibentur
1547 3151 1624 3214 meis
1646 3150 1751 3214 mdia
1774 3157 1807 3213 et
1829 3150 1935 3214 nerbas·
1957 3149 2042 3221 eneis,
2068 3148 2126 3214 ubi
2158 3171 2264 3234 pron..
2290 3152 2423 3215 etiamsi
2454 3152 2488 3215 ui
2525 3173 2599 3217 non

934 3268 1082 3337 effertur,
1108 3264 1311 3350 plusquam
1336 3265 1565 3355 necessarium
1590 3273 1655 3339 est;
1693 3263 1892 3349 plerumque
1917 3272 2029 3329 tamen
2054 3266 2160 3330 acerbis
2183 3267 2260 3331 meis
2295 3287 2431 3331 uersum
2467 3265 2601 3334 claudit

906 3383 1078 3466 ,lseptiea
1104 3380 1208 3446 semel
1232 3383 1268 3445 in
1292 3380 1358 3446 fine
1382 3380 1468 3463 coli).
1515 3381 1551 3444 Si
1577 3401 1714 3447 uersum
1739 3401 1807 3445 non
1832 3379 1967 3455 claudit,
1993 3379 2075 3445 ordo
2099 3380 2182 3446 alter·
2206 3393 2257 3446 est
2292 3384 2355 3448 tua
2389 3386 2495 3448 uerbis
2530 3384 2598 3470 Ep.

935 3498 1012 3577 625,
1037 3497 1102 3581 Mg.
1129 3498 1204 3572 913,
1229 3497 1290 3562 Pn.
1315 3498 1397 3574 407;
1435 3497 1477 3562 cf.
1503 3499 1620 3563 matris
1644 3498 1749 3562 uerbis
1773 3497 1838 3581 Mg.
1868 3499 1962 3573 1185,
1987 3497 2045 3562 sed
2071 3499 2175 3562 uerbis
2194 3500 2302 3580 patres
2326 3499 2358 3562 in
2386 3499 2451 3564 line
2478 3521 2600 3566 uersus

933 3613 995 3680 Tn.
1033 3615 1107 3679 772.
1155 3613 1228 3680 Οθε.
1266 3615 1330 3678 272
1365 3615 1424 3679 uin
1459 3614 1524 3679 tais
1566 3613 1740 3681 Chalinum
1770 3616 1830 3679 leur
1855 3635 1974 3680 euocem
2008 3615 2110 3681 verbis
2125 3617 2224 3698 soros
2254 3616 2300 3681 Ta
2324 3639 2392 3681 eum
2417 3624 2515 3691 orate,
2542 3640 2599 3701 epo

934 3739 1037 3801 cutem
1061 3733 1155 3796 θναόθ
1178 3731 1321 3801 ttilicum,
1348 3752 1443 3815 pron.
1470 3730 1540 3794 uim
1566 3730 1727 3795 maiorem
1752 3730 1863 3806 habet,
1889 3752 1993 3816 quare
2017 3753 2036 3796 a
2060 3732 2274 3798 substantino
2299 3741 2482 3817 separatur.

1009 3892 1011 3896 ,
1042 3847 1142 3931 Apud
1183 3866 1300 3911 uocem
1341 3848 1441 3928 culpe
1478 3845 1652 3912 collocatio
1688 3846 1805 3911 eadem
1842 3868 2051 3932 quamquam
2088 3847 2223 3913 liberior
2261 3859 2319 3913 est.
2379 3850 2459 3916 Mea
2499 3855 2599 3932 calpa

934 3964 1043 4028 sexies
1079 3962 1183 4026 uerbo
1220 3962 1392 4026 interiecto
1432 3961 1562 4046 legitur,
1590 3962 1650 4046 Ep.
1676 3965 1739 4026 ost
1766 3964 1798 4027 ui
1826 3984 1966 4047 magna;
2004 3964 2062 4027 scd
2099 3963 2198 4028 Merc.
2227 3967 2290 4029 774
2314 3968 2408 4047 culpa
2433 3988 2499 4031 mea
2524 3988 2600 4033 ner-

933 4099 1010 4143 sum
1045 4077 1180 4143 claudit.
1229 4077 1265 4142 B.
1294 4080 1379 4142 1188
1409 4080 1504 4159 culpe
1527 4086 1583 4143 tua
1606 4079 1640 4142 in
1666 4079 1857 4164 anapaestis
1882 4099 1985 4145 causa
2019 4101 2079 4144 cur
2115 4101 2208 4165 pron.
2247 4089 2479 4166 postponatur,
2506 4104 2598 4168 repe-

934 4196 990 4261 riri
1017 4215 1084 4258 non
1107 4201 1228 4279 potest,
1254 4193 1318 4258 nisi
1344 4194 1478 4258 licentia
1503 4195 1599 4259 metri
1633 4195 1749 4278 ipsius.
1799 4195 1973 4260 Interdum
2010 4217 2103 4280 pron.
2141 4198 2176 4261 in
2212 4196 2278 4262 fine
2303 4218 2421 4263 uersus
2451 4198 2597 4266 disiunc-

933 4318 1006 4375 tum
1040 4296 1184 4395 ponitur‘
1209 4308 1268 4393 Cp.
1295 4310 1359 4373 803
1379 4317 1510 4393 propter
1544 4312 1669 4392 culpam
1709 4312 1858 4393 capiatur
1880 4333 1981 4387 suam,
2008 4312 2169 4397 prtae,
2198 4313 2258 4379 Eu.
2285 4316 2358 4377 980.
2410 4314 2487 4378 Mrc.
2529 4318 2598 4380 626

934 4426 982 4492 Di
1013 4427 1117 4491 scium
1140 4426 1266 4507 cupam
1291 4446 1390 4491 meam
1426 4426 1530 4510 islone
1563 4448 1627 4490 noa
1662 4449 1724 4490 eece
1759 4428 1868 4504 allam,
1904 4427 1963 4491 ubi
2000 4429 2051 4492 uis
2088 4449 2212 4512 magna
2247 4438 2305 4503 est,
2342 4450 2437 4513 pron.
2475 4430 2598 4497 melius

934 4541 976 4606 ad
1001 4540 1222 4627 praedicatum
1249 4542 1401 4606 refertur.
2213 4615 2215 4619 μ

1043 4658 1211 4723 Sententia.
1250 4657 1349 4724 Pron.
1374 4659 1408 4722 ui
1434 4660 1602 4723 contraria
1626 4660 1763 4723 effertur
1787 4659 1814 4723 si
1832 4660 1908 4744 quis
1925 4681 2026 4745 quem
2044 4659 2236 4745 alloquitur,
2255 4670 2292 4725 ut
2316 4660 2358 4726 de
2374 4661 2506 4726 duabus
2523 4684 2596 4727 sen-

934 4773 1047 4844 tentiis
1063 4781 1183 4858 agatur
1201 4773 1252 4837 uel
1278 4774 1304 4837 si
1332 4795 1383 4838 res
1407 4773 1573 4838 eiusmodi
1598 4776 1788 4859 exponitur,
1815 4786 1851 4840 nt
1875 4776 1979 4840 alium
2006 4775 2108 4840 aliam
2132 4778 2335 4842 sententiam
2354 4778 2478 4843 habere
2494 4799 2597 4863 appa-

934 4899 1014 4967 reat,
1044 4889 1097 4955 uel
1122 4889 1149 4953 si
1175 4890 1286 4973 isqui
1312 4887 1461 4973 loquitur
1486 4911 1558 4955 eam
1585 4893 1786 4955 sententiam
1814 4891 1913 4956 modo
1938 4913 2033 4956 suam
2060 4913 2132 4957 esse
2157 4892 2335 4977 praedicat;
2366 4898 2404 4957 14
2428 4916 2478 4958 ex.
2497 4915 2547 4959 ex.
2567 4917 2596 4961 c.

935 5006 1010 5069 Aul.
1036 5009 1098 5069 441
1125 5013 1160 5070 ut
1183 5013 1217 5070 tu
1242 5009 1340 5070 ineam
1364 5008 1638 5072 sententiantium
1663 5030 1787 5073 noscere
1804 5010 1918 5091 poesis.
1949 5008 1991 5073 Vt
2015 5010 2086 5073 haec
2111 5010 2162 5072 nis
2188 5009 2295 5094 magis
2320 5011 2503 5095 conspicua
2526 5011 2596 5090 fiat,

933 5123 1057 5206 quidem
1081 5120 1218 5186 additur
1250 5143 1319 5187 mea
1353 5123 1480 5208 quidem
1515 5125 1678 5202 sententia,
1715 5124 1906 5208 quinquies.
1956 5125 2087 5209 Saepius
2122 5125 2238 5191 eodem
2277 5148 2378 5191 sensu
2415 5127 2598 5193 adhibetur

933 5261 998 5303 meo
1036 5238 1162 5325 quidem
1200 5242 1315 5312 alcimo,
1354 5238 1522 5303 undecies.
1582 5262 1647 5304 meo
1688 5241 1805 5317 areima,
1841 5242 1965 5328 quidum
2005 5242 2138 5317 omisso,
2177 5252 2311 5327 quater;
2349 5242 2423 5307 aliis
2459 5264 2599 5328 quoque

933 5353 1046 5418 uerbis
1079 5354 1261 5418 interiectis
1298 5355 1369 5418 lraec
1405 5355 1606 5439 significatio
1642 5367 1785 5440 angetur
1819 5366 1854 5420 ut
1891 5357 1951 5441 Ep.
1993 5359 2058 5421 279
2089 5359 2154 5423 nisi
2192 5359 2272 5440 qaid
2306 5366 2361 5423 tua
2398 5360 2493 5424 Sacae
2531 5383 2599 5424 sen-

934 5469 1069 5545 tentiaet,
1097 5469 1152 5535 As.
1179 5470 1239 5533 261
1267 5475 1385 5535 certum
1416 5471 1545 5538 herdam
1567 5480 1708 5537 nostram
1747 5473 1894 5554 consequi
1931 5475 2117 5539 sententiam
2145 5474 2177 5557 (9
2206 5476 2288 5556 eir),
2309 5474 2594 5539 sedularum

938 5669 1257 5678 *—

1043 5816 1061 5880 ¹)
1080 5819 1123 5871 Cf.
1146 5820 1274 5871 Lnonau
1294 5820 1311 5871 Ι.
1332 5820 1349 5870 l.
1370 5836 1396 5885 p.
1416 5818 1477 5871 427.
