5650 7325
969 995 1017 1048 De
1031 995 1218 1051 collocatione
1236 1010 1320 1064 pron.
1338 996 1394 1050 adi.
1413 994 1491 1064 apud
1509 993 1644 1049 Plautum
1662 995 1691 1046 et
1710 992 1885 1045 Terentium.
2209 974 2249 1036 41

703 1155 877 1242 Exemplis
900 1156 969 1220 iam
993 1156 1140 1221 recensis
1163 1164 1305 1242 apparet
1328 1177 1424 1242 pron.
1450 1176 1538 1240 poss.
1563 1174 1711 1239 sequens
1745 1173 1766 1217 a
1800 1151 2014 1218 substantiuo
2045 1149 2253 1215 disiunctum

596 1273 700 1338 subst.
718 1271 938 1357 subsequenti
955 1272 1064 1337 simile
1081 1293 1162 1349 esse,
1180 1272 1246 1338 nisi
1263 1271 1354 1357 quod
1378 1273 1481 1338 ctiam
1498 1271 1607 1356 magis
1624 1270 1816 1354 saepiusque
1833 1267 1868 1333 ui
1884 1273 1984 1333 caret.
2024 1266 2199 1353 Perpauca
2215 1286 2255 1330 ea

594 1387 752 1474 exempla
774 1396 864 1466 sunt,
887 1388 923 1453 in
947 1387 1072 1473 quibus
1094 1388 1130 1454 ui
1155 1389 1302 1467 effertur,
1336 1395 1370 1454 et
1403 1389 1440 1453 in
1463 1388 1505 1453 iis
1540 1386 1713 1453 collocatio
1747 1407 1789 1451 ex
1828 1390 1936 1449 metro
1971 1383 2114 1468 aliisque
2153 1383 2255 1448 rebus

594 1510 674 1590 apta
697 1511 757 1571 est.
804 1503 869 1570 His
891 1503 1041 1589 exceptis
1065 1525 1165 1590 poss,
1189 1504 1255 1570 nisi
1278 1512 1338 1570 aut
1361 1525 1572 1590 quamquam
1595 1502 1824 1569 necessarium
1857 1501 1892 1566 ui
1916 1521 1985 1565 non
2020 1501 2161 1565 effertur
2195 1505 2256 1564 aut

594 1641 886 1704 superuacaneum
916 1627 974 1697 est,
1000 1622 1064 1687 hoc
1087 1620 1188 1687 modo
1212 1642 1281 1686 non
1309 1620 1501 1687 collocatur.
1547 1619 1720 1704 Principia
1751 1618 1854 1683 huius
1888 1615 2116 1683 collocationis
2152 1635 2264 1707 supra·

594 1737 798 1822 significaui;
834 1758 926 1803 nunc
950 1743 1064 1803 autem
1088 1736 1253 1823 exemplis
1277 1736 1387 1803 allatis
1411 1757 1531 1803 causas
1555 1737 1689 1822 plenius
1712 1743 1863 1820 repetere
1896 1739 1930 1798 et
1961 1752 2132 1818 exponere
2165 1729 2253 1796 licet.

594 1852 635 1918 In
659 1853 829 1938 plerisque
853 1854 1027 1938 exemplis,
1052 1854 1088 1919 in
1112 1853 1237 1938 quibus
1260 1857 1365 1919 subst.
1391 1873 1514 1938 magna
1539 1853 1574 1917 ui
1597 1852 1739 1918 effertur
1762 1857 1795 1916 et
1818 1871 1893 1916 eam
1918 1849 1962 1915 ob
1994 1869 2064 1913 rem
2101 1869 2122 1913 a
2157 1869 2252 1932 prou.

574 1989 683 2053 .poss.
709 1968 918 2035 disiunctum
941 1970 1082 2056 propius
1105 1969 1241 2035 initium
1266 1969 1433 2035 enuntiati
1465 1968 1614 2054 positum
1646 1975 1706 2045 est,
1731 1965 1837 2032 uerba
1870 1965 2046 2050 complura
2080 1963 2255 2030 interiecta

595 2091 684 2159 sunt,
703 2085 767 2151 nisi
791 2087 1005 2151 enuntiatum
1023 2083 1124 2151 breue
1141 2091 1191 2151 εει
1214 2093 1252 2150 ut
1283 2086 1343 2151 Vir
1365 2108 1418 2169 eqo
1441 2092 1509 2151 tuos
1535 2085 1630 2150 eum?
1652 2083 1728 2147 Am.
1754 2084 1829 2148 813.
1879 2081 1977 2147 Hanc
2000 2080 2254 2147 collocationem

594 2201 784 2286 antiquitus
807 2201 965 2267 traditam
990 2223 1063 2267 esse
1088 2202 1215 2278 monui,
1240 2200 1297 2267 sed
1322 2201 1358 2266 in
1384 2201 1499 2266 multis
1535 2200 1709 2284 exemplis,
1744 2197 1930 2285 praesertim
1966 2198 1994 2263 si
2019 2196 2116 2273 subi,
2157 2195 2255 2261 cuius

595 2317 688 2382 locus
716 2325 767 2382 est
798 2317 933 2382 initium
974 2318 1151 2394 enuntiati,
1188 2316 1222 2381 ui
1254 2317 1404 2388 effertur,
1429 2336 1532 2383 causa
1566 2315 1634 2381 alia
1665 2321 1725 2394 est,
1751 2313 1884 2379 etiamsi
1919 2312 1962 2379 ad
1998 2312 2252 2378 collocationem

586 2432 713 2518 ualuit,
738 2416 830 2519 quod
854 2432 1080 2520 disiungendo
1104 2453 1238 2518 semper
1262 2433 1315 2497 uis
1330 2432 1428 2498 uerbi
1443 2431 1672 2498 antecedentis
1688 2430 1805 2516 augeri
1822 2436 1941 2515 potest.
1989 2428 2090 2514 Apud
2108 2426 2255 2492 comicos

595 2547 686 2613 enim
711 2556 828 2634 poetas
851 2570 942 2614 noua
965 2549 1132 2614 sententia
1155 2548 1198 2614 ab
1221 2548 1318 2614 initio
1341 2569 1462 2613 uersus
1485 2548 1633 2643 incipere
1656 2548 1741 2613 solet
1763 2553 1805 2625 et,
1830 2546 1860 2611 si
1893 2546 1930 2610 in
1964 2544 2123 2610 interiore
2152 2563 2254 2608 uersu

594 2664 724 2751 incipit,
755 2685 830 2730 raro
854 2686 873 2731 a
897 2665 1076 2750 postremis
1115 2664 1229 2731 uerbis
1261 2684 1381 2729 uersus
1414 2662 1582 2748 incipiens
1616 2662 1689 2727 haec
1724 2668 1758 2727 et
1789 2661 1894 2727 uerba
1928 2680 2047 2726 uersus
2082 2659 2256 2744 sequentis

594 2780 862 2865 comprehendit.
909 2781 1081 2857 Quoniam
1103 2780 1208 2866 igitur
1232 2801 1320 2865 poss.
1345 2778 1460 2844 uerbis
1483 2778 1667 2843 interiectis
1698 2798 1845 2862 sequens
1880 2777 2082 2864 plerumque
2117 2774 2152 2840 in
2188 2775 2256 2839 fine

594 2916 713 2962 uersus
737 2897 920 2963 collocatur
941 2901 986 2978 (u.
1011 2896 1111 2979 inira)
1135 2895 1340 2980 initiumque
1364 2893 1541 2969 enuntiati,
1566 2892 1658 2979 quod
1689 2893 1794 2960 subst.
1819 2894 1891 2958 uim
1927 2892 2091 2959 maiorem
2125 2890 2256 2956 habens

594 3012 687 3097 petit,
712 3033 734 3077 a
762 3013 830 3078 fine
854 3032 973 3077 uersus
996 3011 1131 3097 longius
1165 3011 1270 3090 abest,
1306 3010 1411 3077 subst.
1448 3009 1539 3095 quod
1575 3007 1710 3096 pondus
1743 3009 1847 3076 habet
1876 3031 1966 3095 saepe
2000 3030 2021 3075 a
2054 3007 2256 3094 pronomine

594 3128 731 3213 longius
755 3128 860 3195 abest.
947 3176 949 3178 ψ

702 3244 775 3309 Iam
798 3245 835 3309 in
859 3245 955 3310 initio
979 3245 1219 3331 disputationis
1253 3245 1342 3310 hanc
1376 3242 1631 3309 collocationem
1666 3242 1823 3328 inprimis
1858 3242 1902 3307 ad
1936 3248 2053 3335 poetas
2088 3242 2256 3327 pertinere

594 3359 666 3426 dixi
690 3368 723 3426 ει
746 3381 838 3426 nunc
865 3381 947 3437 rem,
972 3383 991 3427 ε
1014 3382 1083 3446 qua
1105 3362 1153 3426 ita
1187 3380 1260 3426 esse
1295 3361 1404 3445 magis
1439 3366 1589 3445 apparet,
1625 3360 1732 3444 attigi.
1779 3359 1878 3424 Pron.
1915 3378 2003 3445 poss.
2040 3357 2146 3424 subet.
2180 3357 2255 3424 sub-

592 3496 739 3561 sequens
763 3497 852 3562 saepe
875 3497 1014 3542 uersum
1037 3476 1193 3543 claudere
1217 3498 1321 3562 supra
1343 3475 1603 3561 comprobatum
1627 3481 1691 3553 est;
1728 3474 1841 3541 uerbis
1864 3475 2048 3540 interiectis
2082 3474 2148 3541 hoc
2182 3475 2256 3540 loco

594 3591 701 3658 multo
724 3592 848 3679 saepius
872 3614 975 3679 quam
1000 3593 1065 3658 alio
1089 3593 1280 3659 collocatur.
1327 3591 1416 3657 Nam
1441 3591 1482 3657 de
1505 3594 1571 3656 415
1595 3593 1667 3657 fere
1691 3592 1866 3679 exemplis,
1890 3590 1951 3656 ubi
1966 3592 2083 3656 formae
2100 3590 2256 3657 iambica

594 3708 852 3775 asubstantiuo
876 3709 1055 3776 disiunctae
1079 3717 1280 3796 sequuntur,
1305 3709 1397 3774 hunc
1421 3707 1533 3774 locum
1557 3716 1725 3794 occupant
1747 3709 1783 3773 in
1808 3710 1883 3787 320,
1908 3716 1942 3774 et
1964 3707 2017 3774 hia
2038 3707 2257 3793 adiungenda

593 3833 674 3892 sunt
699 3829 750 3904 15,
776 3825 834 3891 ubi
857 3826 893 3891 in
918 3826 984 3891 fine
1007 3825 1072 3893 coli
1095 3834 1173 3892 ante
1197 3824 1353 3892 diaeresin
1376 3824 1537 3910 extant1).
1586 3824 1652 3890 Hic
1683 3825 1776 3890 loeus
1811 3824 2023 3911 pronominis
2058 3846 2146 3911 poss.
2182 3847 2256 3910 pro·

594 3943 689 4029 prius
712 3949 772 4020 est,
797 3942 825 4008 si
848 3962 951 4008 causa
973 3964 1043 4008 non
1066 3942 1170 4020 adest,
1195 3942 1250 4008 cui
1273 3942 1336 4007 alia
1362 3941 1536 4007 collocatio
1560 3940 1714 4021 debetur;
1750 3941 1891 4007 namin
1926 3942 2045 4008 ceteris
2080 3943 2255 4028 exemplis,
2282 4019 2286 4026 Ι

594 4080 669 4144 quae
694 4079 786 4123 nunc
810 4058 1040 4143 percensenda
1063 4067 1152 4135 sunt,
1177 4060 1263 4124 ratio
1286 4057 1516 4125 collocationis
1538 4057 1639 4123 facile
1663 4057 1875 4144 perspicitur.
1923 4057 2035 4124 Subst.
2050 4058 2079 4124 si
2103 4058 2139 4123 ui
2162 4060 2255 4125 effer·

594 4182 650 4240 tur
673 4181 733 4240 aut
754 4174 783 4239 si
807 4195 875 4260 quo
899 4173 1067 4240 modoad
1092 4175 1296 4240 sententiam
1320 4174 1431 4239 maius
1454 4172 1557 4239 habet
1585 4173 1729 4258 pondus,
1754 4194 1805 4239 ex.
1830 4195 1858 4239 c.
1884 4173 1912 4240 si
1936 4174 2182 4260 anaphoricum
2206 4181 2258 4242 est

593 4291 614 4355 i.
640 4312 667 4356 e.
693 4290 736 4356 ad
760 4290 963 4357 sententiam
988 4290 1236 4376 praecedentem
1259 4311 1295 4357 se
1319 4291 1432 4368 refert,
1458 4291 1493 4355 in
1524 4290 1621 4355 initio
1649 4290 1817 4356 enuntiati
1845 4291 1927 4374 poni
1961 4289 2056 4355 solet.
2104 4290 2180 4358 Hac
2214 4291 2256 4358 de

594 4428 698 4473 eausa
721 4427 810 4492 saepe
834 4407 915 4484 lieri,
941 4412 979 4472 ut
1002 4427 1089 4493 poss.
1115 4407 1228 4473 uerbis
1260 4406 1446 4473 interiectis
1481 4411 1686 4491 sequeretur,
1712 4426 1817 4492 supra
1851 4405 1933 4485 dixi,
1969 4428 2181 4493 quamquam
2217 4429 2257 4474 ea

593 4522 750 4608 exempla
773 4522 843 4588 sola
866 4523 974 4601 attuli,
998 4523 1035 4588 iu
1059 4522 1184 4607 quibus
1207 4524 1260 4588 uis
1283 4522 1393 4606 magis
1416 4522 1599 4609 conspicua
1621 4525 1717 4587 esset.
1765 4521 1896 4600 Quodsi
1923 4543 2011 4607 poss.
2047 4523 2090 4589 ad
2126 4529 2256 4592 senten·

593 4640 677 4706 tiam
701 4640 809 4724 magis
833 4640 1061 4705 necessarium
1086 4645 1137 4705 est
1159 4659 1271 4724 neque
1294 4639 1331 4704 in
1354 4638 1423 4703 fine
1447 4659 1566 4704 uersus
1589 4636 1746 4704 collocari
1773 4643 1893 4720 potest,
1919 4659 1971 4707 ex.
1996 4661 2023 4706 c.
2048 4641 2142 4727 quod
2168 4641 2257 4708 alius

594 4892 697 4937 uersu
724 4878 839 4937 extare
871 4878 1137 4937 consentaneum
1170 4877 1222 4936 est
1244 4893 1295 4937 ex.
1320 4893 1347 4937 c.
1366 4872 1448 4937 Mrc.
1465 4872 1530 4936 523
1553 4871 1690 4957 Operam
1712 4872 1861 4938 accusari
1882 4894 1946 4939 non
1968 4872 2074 4939 alnam
2097 4895 2198 4941 meam
2216 4878 2255 4954 dss

521 5052 527 5063 ,
594 4988 976 5064 lintewecestre
1010 4993 1063 5053 est.
1111 4986 1185 5052 Cas.
1210 4989 1275 5052 418
1299 4989 1424 5055 Pietate
1439 4989 1599 5073 factumst
1620 5009 1691 5053 ntea
1713 4993 1809 5075 atque
1831 4987 1991 5056 maiorum
2025 5012 2136 5074 merem,
2172 4991 2256 5056 ratio

593 5104 661 5170 alia
698 5111 758 5170 est.
806 5102 845 5168 In
870 5102 1075 5189 quibusdam
1100 5102 1264 5188 exemplis
1288 5124 1376 5189 poss.
1401 5103 1445 5169 ad
1469 5104 1671 5170 sententiam
1696 5104 1812 5190 magni
1836 5106 1999 5172 momenti
2031 5126 2102 5171 non
2136 5114 2187 5171 est
2218 5114 2258 5173 ut

594 5219 671 5285 Am.
700 5221 785 5285 1095
808 5221 852 5305 (p.
878 5221 942 5303 38),
966 5219 1025 5285 ubi
1050 5219 1232 5304 anaphora
1256 5239 1358 5285 causa
1381 5218 1533 5298 additur;
1573 5220 1716 5285 chiasmi
1739 5241 1841 5287 causa
1869 5222 1941 5287 Orc.
1967 5222 2049 5299 602;
2086 5222 2130 5288 cf.
2155 5243 2256 5306 porro

704 5561 723 5629 ¹)
742 5564 836 5616 Etiam
855 5578 977 5616 numero
996 5564 1269 5630 comprehendenda
1288 5578 1353 5616 esse
1372 5563 1458 5617 credo
1477 5564 1535 5617 duo
1559 5563 1702 5630 exempla,
1730 5562 1779 5616 nbi
1808 5577 1889 5629 prou.
1917 5566 1986 5615 ante
2012 5578 2151 5617 caesaram
2181 5570 2256 5632 sapt

594 5653 695 5719 troch.,
714 5669 778 5719 quaa
797 5657 843 5706 eat
861 5658 928 5719 post
946 5654 1043 5705 thesin
1063 5658 1203 5719 quartam,
1221 5657 1311 5716 extat,
1332 5654 1396 5707 Aul.
1416 5652 1468 5707 812
1487 5657 1517 5706 et
1536 5654 1593 5705 Mo.
1612 5652 1673 5706 235.
1694 5653 1726 5705 R.
1755 5652 1807 5705 696
1833 5652 1917 5721 (sept
1937 5651 2035 5716 iamb.)
2061 5656 2091 5705 et
2117 5654 2175 5707 Mo.
2204 5654 2257 5708 745

592 5746 658 5809 (oct.
678 5741 776 5804 lamb.)
793 5759 875 5809 pron.
895 5742 989 5794 colum
1009 5742 1116 5810 explet,
1135 5742 1187 5795 sed
1206 5741 1308 5795 ultima
1326 5743 1438 5810 syllaba
1456 5742 1573 5796 eliditur
1601 5743 1691 5796 uerbo
1719 5742 1851 5809 sequenti
1878 5742 2007 5796 auocali
2034 5742 2202 5809 incipiente.
2222 5772 2256 5781 -

595 5832 679 5898 Apud
708 5832 842 5884 Plautum
870 5832 944 5886 ratio
972 5833 1171 5900 exemplorum
1199 5848 1233 5886 ea
1261 5836 1315 5898 est,
1342 5837 1374 5886 ut
1393 5849 1474 5900 pron.
1493 5832 1529 5886 de
1548 5832 1602 5886 350
1621 5833 1762 5904 exemplis
1782 5832 1812 5885 in
1830 5830 1885 5888 260
1902 5848 2029 5899 uersum,
2048 5832 2078 5883 in
2098 5829 2133 5889 ld
2151 5832 2256 5901 colum,

594 5920 673 5989 apud
691 5921 859 5975 Terentium
879 5922 916 5975 de
935 5922 971 5976 70
989 5922 1019 5975 in
1039 5922 1074 5976 64
1092 5938 1210 5976 nemum
1229 5922 1352 5977 claudat
