5650 7325
955 936 997 991 De
1017 937 1204 991 collocatione
1224 953 1305 1004 pron.
1324 934 1379 990 adi.
1399 932 1477 1003 apud
1497 935 1630 988 Plautum
1650 940 1680 988 et
1697 933 1872 989 Terentium.
2199 912 2242 984 45

580 1108 691 1167 ratum
716 1120 789 1166 esse
813 1099 980 1187 significet
1003 1099 1058 1165 uel
1082 1099 1244 1183 designet.
1293 1097 1376 1172 Quae
1402 1097 1455 1161 uis
1480 1117 1667 1180 numquam
1693 1096 1740 1160 ita
1763 1095 1935 1161 obscurari
1952 1101 2070 1180 potest,
2089 1102 2128 1161 ut
2144 1116 2239 1183 pron.

579 1217 623 1282 ad
647 1218 852 1283 sententiam
877 1215 1129 1303 percipiendam
1155 1214 1288 1279 nullum
1313 1219 1524 1277 momentum
1549 1211 1681 1277 habeat.
1731 1213 1844 1287 tiuare
1867 1211 1959 1297 quod
1984 1211 2025 1277 de
2042 1215 2243 1299 possessiuis

578 1334 738 1399 ualet-
762 1354 802 1398 ea
825 1333 851 1398 si
878 1340 1139 1418 postponuntur,
1165 1331 1200 1395 ui
1230 1351 1343 1395 carere
1367 1337 1400 1394 et
1424 1328 1578 1394 enclitica
1611 1349 1684 1393 esse
1708 1327 1814 1393 solere
1838 1367 1890 1402 -,
1917 1328 1960 1393 ad
1985 1329 2056 1394 haec
2080 1331 2242 1398 adhibere

580 1471 650 1515 non
673 1449 767 1527 licet;
803 1448 862 1514 sed
886 1450 913 1513 si
939 1455 1202 1532 postponuntur,
1226 1445 1261 1511 id
1286 1446 1353 1511 alia
1376 1445 1507 1510 ratione
1530 1442 1786 1530 explanandum
1812 1451 1870 1508 est.
1919 1444 2004 1510 Cum
2038 1468 2139 1532 porro
2176 1471 2243 1515 mo·

579 1570 735 1631 mentum
759 1564 932 1650 quoddam
958 1564 1067 1629 maius
1091 1563 1251 1629 minusue
1274 1583 1408 1647 semper
1432 1561 1606 1638 haberent,
1631 1566 1677 1636 ut,
1703 1581 1770 1644 quo
1794 1561 1867 1625 looo
1891 1560 2045 1626 collocari
2070 1563 2241 1639 deberent,

579 1681 705 1767 saepius
729 1681 928 1766 ambiguum
954 1686 1050 1754 esset,
1077 1686 1211 1744 etcum
1236 1700 1330 1764 pron.
1356 1676 1444 1743 dem.
1469 1685 1503 1742 et
1526 1675 1640 1741 uerbis
1663 1675 1847 1742 interiectis
1867 1677 2071 1744 antecedens
2087 1695 2120 1745 et
2136 1681 2243 1750 subet.

578 1797 693 1881 ipsum
718 1796 922 1862 antecedens
946 1797 980 1861 ui
1005 1794 1166 1881 peculiari
1191 1794 1304 1860 efferri
1328 1801 1452 1879 posset,
1477 1794 1512 1858 in
1537 1794 1590 1858 his
1614 1800 1652 1857 ut
1675 1793 1711 1857 in
1736 1792 1936 1877 possessiuis
1953 1792 2134 1861 discrimen
2155 1798 2244 1863 inter

579 1918 761 1997 utramque
784 1911 1041 1978 collocationem
1065 1912 1155 1995 (ante
1178 1910 1283 1976 subst.
1309 1910 1395 1994 dico)
1420 1931 1489 1974 non
1513 1909 1627 1975 stricte
1650 1908 1859 1974 seruabatur.
1907 1909 1961 1975 Sic
1996 1911 2097 1977 etiam
2134 1913 2180 1986 fit.
2205 1922 2244 1980 ut

579 2049 676 2114 pron.
701 2027 802 2108 dem,
815 2028 908 2113 quod
932 2029 1066 2093 solitam
1091 2028 1160 2092 uim
1187 2034 1320 2091 tantum
1346 2025 1458 2100 habet,
1483 2047 1501 2089 a
1526 2024 1740 2089 substantiuo
1765 2023 1881 2089 diuelli
1905 2026 2020 2110 possit.

1379 2206 1442 2287 lS.

885 2406 980 2458 Subst.
992 2407 1096 2485 ipsum
1115 2406 1262 2458 antecedit
1280 2404 1357 2472 apnd
1379 2402 1510 2456 Plautum
1532 2401 1592 2467 186,
1612 2403 1688 2469 apud
1709 2403 1875 2455 Terentium
1896 2402 1940 2456 59.

883 2497 981 2549 uerbis
1001 2497 1161 2549 interiectis
1180 2495 1328 2548 antecedit
1403 2516 1413 2540 ›
1543 2494 1585 2558 tl,
1739 2512 1750 2538 ι
1898 2491 1931 2544 18

884 2586 1072 2652 subsequitur
1397 2604 1407 2630 ›
1554 2584 1581 2650 ε’),
1737 2603 1748 2630 ι
1897 2609 1940 2636 -.

579 2743 694 2829 uerbis
717 2745 900 2812 interiectis
924 2746 1079 2831 sequitur
1101 2767 1303 2830 numquam.
1353 2745 1403 2808 Ex
1427 2744 1482 2809 liis
1506 2743 1658 2809 numeris
1682 2754 1824 2829 apparet
1847 2743 1877 2806 is
1900 2762 1996 2826 pron.
2028 2741 2139 2809 locum
2164 2755 2243 2812 ante

578 2858 687 2925 subst.
712 2861 826 2945 ipsum
849 2861 984 2939 habere,
1009 2884 1030 2925 a
1053 2882 1121 2947 quo
1145 2883 1206 2927 cur
1229 2861 1399 2926 interdum
1426 2859 1571 2942 recedat,
1596 2861 1754 2944 persequi
1778 2858 1935 2925 conabor.

851 3065 1075 3135 Pronomen
1100 3064 1144 3136 lS
1168 3085 1191 3136 a
1216 3064 1475 3135 substantiuo
1499 3062 1730 3153 separatum
1755 3060 1972 3134 antecedit.

688 3244 882 3330 Antequam
905 3245 1062 3329 exempla
1085 3252 1336 3331 percensentun
1360 3245 1563 3311 sententiam
1588 3244 1732 3326 Brenn,
1756 3244 1814 3328 qui
1840 3241 2008 3312 uberrime
2044 3248 2085 3315 de
2119 3249 2244 3334 signifi·

577 3359 712 3425 catione
735 3361 977 3447 pronominum
1001 3360 1346 3426 demonstratiuorum
1380 3360 1539 3426 disseruit
1552 3360 1583 3444 ¹),
1619 3381 1884 3426 commemorare
1917 3368 1950 3427 et
1985 3364 2154 3431 aestimare
2189 3386 2244 3430 ne·

578 3496 672 3543 cesso
707 3482 765 3542 est.
813 3477 846 3542 Is
870 3478 961 3542 enim
985 3477 1069 3541 dicit
1092 3498 1124 3562 p.
1148 3479 1215 3541 344
1238 3475 1279 3542 dc
1305 3477 1507 3561 pronomine
1530 3477 1569 3551 is,
1606 3474 1697 3561 quod
1733 3475 1775 3540 ad
1812 3478 2028 3543 enuntiatum
2062 3480 2244 3545 relatiuum

578 3597 722 3679 spectat:
767 3591 899 3679 »Atque
922 3592 952 3658 si
976 3593 1101 3658 maiore
1126 3591 1275 3678 quadam
1299 3592 1467 3677 grauitate
1487 3590 1599 3656 efferri
1616 3591 1752 3656 uidetur
1767 3592 1975 3678 restringens
1991 3594 2142 3680 aliquam
2158 3618 2243 3664 rem·

578 3718 654 3774 tum
678 3730 747 3774 non
772 3715 841 3774 tam
865 3710 904 3785 ie,
930 3708 1022 3793 quod
1047 3730 1108 3794 per
1130 3731 1166 3775 se
1189 3710 1283 3774 omni
1308 3710 1342 3773 ui
1372 3714 1473 3785 caret,
1509 3707 1681 3773 extollitur
1704 3729 1807 3794 quam
1841 3717 1912 3774 tota
1942 3711 2035 3776 notio
2067 3713 2243 3778 enuntiato

580 3824 722 3891 relatiuo
754 3846 946 3910 expressa».
995 3825 1031 3890 la
1063 3825 1220 3910 plurimis
1244 3825 1334 3902 locis,
1360 3825 1418 3890 ubi
1443 3823 1485 3889 ad
1511 3845 1563 3889 en.
1590 3823 1770 3889 relatiuum
1795 3832 1935 3909 spectat,
1961 3827 1995 3890 ui
2020 3827 2159 3911 quidem
2192 3848 2242 3893 ca-

581 3950 641 4021 ret,
677 3941 737 4008 sed
771 3949 886 4008 tamen
922 3941 968 4018 id,
1004 3939 1095 4025 quod
1132 3941 1232 4005 Brea
1256 3940 1276 4004 l.
1303 3940 1322 4003 l.
1348 3940 1541 4017 affirmauit,
1579 3961 1758 4025 semperne
1783 3946 1871 4006 recte
1894 3962 1929 4006 se
1954 3941 2086 4021 habeat,
2112 3943 2241 4010 dubito.

580 4054 668 4124 Nam
700 4059 737 4123 in
761 4078 917 4124 sermone
940 4056 1040 4123 ualde
1064 4057 1200 4122 difficile
1228 4066 1280 4123 est
1309 4064 1419 4122 totum
1455 4056 1669 4122 enuntiatum
1705 4057 1741 4122 ui
1770 4057 1901 4135 efferre,
1936 4064 2039 4144 atque
2072 4061 2136 4126 etsi
2171 4062 2243 4127 lieri

579 4194 680 4260 posse
702 4196 773 4239 non
796 4194 894 4260 nego,
920 4194 1039 4240 reuera
1061 4181 1178 4239 tamen
1201 4172 1373 4238 rarissime
1400 4172 1532 4238 accidit.
1581 4173 1615 4237 Si
1640 4182 1758 4239 contra
1781 4175 1947 4253 sanctie,
1973 4195 2050 4261 quae
2067 4177 2242 4243 enuntiato

586 4291 729 4357 relatiuo
762 4311 922 4377 expressa
945 4297 1005 4368 est,
1045 4290 1081 4355 ui
1105 4288 1280 4356 efferenda
1302 4298 1362 4368 est,
1387 4289 1422 4354 id
1446 4289 1550 4354 uerbo
1574 4288 1832 4374 significationis
1862 4293 2056 4357 communis
2079 4294 2127 4371 fit,
2151 4294 2244 4378 quod

579 4406 756 4473 notionem
780 4414 937 4492 repetens
960 4411 994 4472 et
1017 4408 1052 4471 in
1088 4412 1236 4473 mentem
1272 4426 1437 4472 reuocans
1461 4404 1728 4490 comprehendit,
1754 4412 1787 4471 et
1810 4408 1892 4491 quia
1916 4428 2024 4473 unum
2049 4416 2109 4487 est,
2135 4409 2243 4475 multo
2305 4494 2308 4501 Ι

580 4522 703 4589 melius
724 4544 827 4608 quam
844 4529 954 4588 toturn
971 4523 1187 4588 enuntiatum
1203 4528 1379 4588 accentum
1405 4522 1582 4587 sententiae
1612 4522 1777 4605 recipiens
1802 4523 1895 4589 uocis
1918 4524 2106 4591 intentione
2130 4526 2243 4592 efferri

579 4644 698 4723 potest.
746 4639 914 4705 Praeterea
937 4640 1009 4704 haec
1032 4639 1189 4723 exempla
1212 4638 1255 4702 ab
1278 4638 1331 4713 iis,
1354 4638 1390 4702 in
1414 4637 1540 4722 quibus
1563 4638 1594 4703 is
1617 4658 1712 4722 pron.
1731 4637 1772 4703 ad
1798 4640 2015 4705 enuntiatum
2039 4642 2240 4725 primarium

580 4754 776 4842 praeoedens
800 4775 836 4821 se
859 4755 962 4821 refert
985 4760 1023 4819 ut
1047 4756 1103 4820 As.
1130 4757 1172 4820 73
1188 4760 1250 4820 etc.
1268 4775 1299 4818 u.
1318 4776 1350 4839 p.
1367 4756 1422 4830 48,
1440 4774 1475 4818 re
1502 4754 1577 4838 ipsa
1604 4752 1765 4818 distincta
1791 4774 1861 4818 non
1888 4761 1978 4819 sunt.
2026 4754 2065 4819 ln
2097 4762 2243 4841 utroque

579 4892 704 4958 genere
738 4893 834 4958 pron.
870 4872 1097 4937 isnotionem
1120 4869 1263 4937 simulac
1287 4870 1419 4956 repetit,
1442 4868 1701 4954 comprehendit
1723 4877 1756 4935 et
1779 4870 1813 4934 ui
1838 4871 1946 4936 effert.
1992 4871 2093 4936 Pron.
2122 4872 2159 4937 in
2189 4871 2244 4937 his

579 4987 747 5074 exemplis
776 5009 936 5073 magnam
962 4989 1034 5052 uim
1070 4986 1194 5052 habere
1229 5007 1272 5051 ne
1295 4986 1465 5050 Baomvu
1500 4984 1639 5070 quidem
1670 4985 1757 5050 serio
1781 5006 1905 5070 negare
1940 4985 2148 5052 credendum
2181 4994 2241 5054 est.

688 5103 724 5168 P.
750 5106 815 5169 349
839 5104 912 5169 haec
935 5103 1041 5168 uerba
1064 5103 1156 5168 lacit:
1201 5102 1425 5187 «Plerumque
1450 5123 1526 5166 oum
1552 5100 1610 5166 illa
1638 5100 1741 5176 notio,
1766 5102 1808 5167 ad
1844 5123 1948 5187 quarn
1973 5105 2003 5169 a's
2025 5105 2181 5189 pertinet.
2207 5105 2243 5169 in

580 5221 754 5307 superiore
777 5219 891 5305 aliquo
915 5220 1091 5285 enuntiato
1114 5219 1255 5303 legatur,
1279 5217 1343 5283 hoc
1366 5238 1555 5303 pronomen
1592 5217 1771 5302 praeditum
1806 5225 1857 5284 est
1891 5220 1925 5283 ui
1965 5219 2114 5285 notionis
2151 5240 2244 5305 repe·

580 5335 710 5416 tendae3
750 5357 827 5421 quae
862 5336 955 5401 notio
979 5334 1021 5400 ad
1046 5336 1076 5400 is
1098 5333 1184 5400 adici
1221 5342 1332 5419 potest
1363 5335 1477 5398 forma
1512 5334 1686 5401 sententiae
1723 5333 1882 5412 relatiuae,
1918 5336 2023 5400 ueluti
2058 5334 2151 5400 Trin.
2177 5337 2243 5401 374

581 5453 684 5518 Soror
717 5453 797 5518 illisi
834 5453 947 5519 adulta
985 5452 1077 5534 uirpo
1110 5452 1267 5534 prandia:
1301 5470 1385 5516 eam
1422 5452 1515 5532 cupio
1538 5489 1581 5498 -
1605 5450 1696 5516 idem
1736 5459 1787 5516 est
1821 5458 1924 5536 atque
1962 5472 2056 5515 «earn
2093 5471 2242 5517 sororem

580 5567 733 5634 adultam
757 5606 811 5646 —‚
836 5588 912 5654 quae
936 5568 985 5632 illi
1008 5573 1067 5642 est,
1093 5566 1226 5650 cupio»,
1250 5565 1309 5630 ubi
1334 5589 1413 5643 earn,
1438 5586 1516 5630 cum
1541 5568 1634 5631 omni
1660 5568 1694 5631 ui
1719 5573 1839 5642 careat,
1853 5567 1965 5633 omitti
1987 5574 2129 5652 potest».
2178 5567 2242 5632 His

580 5684 663 5751 locis
686 5684 817 5750 collatis
852 5705 947 5770 pron.
983 5685 1096 5768 ipsum
1122 5703 1256 5767 semper
1276 5682 1313 5747 ui
1333 5703 1446 5748 carere
1463 5691 1584 5768 putare
1601 5683 1745 5749 uidetur.
1783 5683 1975 5767 Vtrumque
1991 5682 2082 5748 enim
2100 5682 2242 5747 modum

589 5804 747 5811 ———-

691 5872 711 5940 ¹)
727 5876 750 5927 I.
770 5876 867 5939 Bacn,
888 5875 967 5926 Stud.
987 5876 1194 5926 Srvnnuvnor
1214 5874 1251 5940 11,
1271 5891 1298 5940 p.
1319 5872 1370 5925 145
1390 5891 1451 5940 sqq.
