5650 7325
592 937 612 1006 8
1271 961 1377 1018 Martia
1397 960 1427 1016 P.
1448 961 1573 1016 Nllsson.

590 1119 751 1186 attributo
775 1121 962 1188 coniunctae
987 1130 1076 1196 sunt,
1102 1121 1178 1188 talis
1201 1121 1375 1189 collocatio
1397 1122 1465 1188 iam
1492 1143 1531 1187 ee
1555 1121 1641 1187 effici
1665 1128 1783 1207 petest,
1809 1121 1900 1207 qued
1924 1123 2030 1187 altera
2052 1122 2261 1190 coniunctio

589 1237 788 1302 attributiua
811 1237 930 1303 ordine
952 1239 1089 1304 inuerso
1113 1239 1260 1323 ponitur,
1284 1260 1353 1324 quo
1376 1240 1467 1303 iacto
1490 1238 1662 1304 chiasmus
1701 1238 1739 1303 lit
1774 1245 1811 1303 nt
1845 1239 1881 1303 iu'
1916 1239 2080 1324 exemplis
2118 1239 2259 1319 allatis;

590 1373 679 1439 saepe
702 1360 817 1421 autem
841 1354 1032 1419 membrum
1058 1354 1195 1420 alterius
1218 1355 1467 1420 coniunctionis
1490 1359 1525 1420 in
1549 1355 1688 1420 alteram
1729 1354 1888 1419 inseritur
1922 1363 1961 1420 ut
1995 1355 2092 1442 Prop.
2120 1357 2144 1433 l,
2170 1359 2203 1429 3,
2235 1359 2258 1421 9

588 1469 696 1535 Ebria
719 1491 789 1536 cum
816 1472 911 1536 multo
938 1472 1095 1536 traherem
1128 1472 1261 1555 ucetiyiu
1297 1471 1435 1547 Bacche,
1468 1492 1536 1555 qno
1575 1471 1647 1535 loco
1679 1470 1827 1555 primum
1864 1470 2026 1537 attributa
2060 1483 2257 1557 ponuntur,

587 1584 710 1652 deinde
745 1586 969 1668 snbstantias,
995 1587 1076 1653 Hor.
1102 1587 1164 1652 Od.
1190 1586 1215 1664 Ι,
1241 1589 1270 1663 9,
1297 1591 1336 1651 ‘21
1364 1608 1412 1673 sq.
1443 1587 1540 1652 Nunc
1574 1592 1602 1651 et
1636 1588 1763 1652 latentia
1793 1587 1940 1669 proditor
1975 1589 2085 1654 irrbmo
2124 1590 2259 1656 Gratus

580 1689 698 1786 puellm
720 1704 807 1769 riam
829 1706 869 1769 ab
893 1703 1053 1788 amputet,
1078 1704 1131 1769 uel
1155 1702 1260 1769 altera
1282 1703 1475 1768 coniunctio
1499 1703 1587 1768 inter
1611 1703 1763 1768 membra
1797 1702 1934 1768 alterius
1970 1704 2107 1788 ponitur
2138 1727 2190 1771 ex.
2222 1713 2254 1774 c.
2302 1724 2309 1732 ·

586 1818 685 1905 Prop.
711 1813 736 1896 l,
761 1821 792 1898 3,
816 1823 839 1883 4
862 1821 982 1886 Libera
1004 1821 1073 1886 ium
1095 1821 1189 1886 duris
1211 1819 1332 1885 cotibus
1355 1819 1564 1884 Andromede.

694 1935 744 2000 De
767 1935 919 2001 chiasmo
946 1935 1013 2000 iam
1038 1935 1144 2000 uerba
1167 1935 1241 2008 ieci,
1268 1934 1327 2020 qui
1360 1940 1529 2019 quantum
1554 1932 1596 1998 ad
1621 1934 1802 1999 uerborum
1833 1935 1868 1999 in
1900 1934 2014 2021 lingua
2047 1936 2153 2005 latina
2182 1943 2254 2007 col·

585 2042 785 2116 locationem
815 2052 936 2128 ualeat,
961 2048 1236 2134 Naonnsaacn²)
1260 2050 1405 2116 exbibet.
1456 2050 1538 2114 Haec
1572 2048 1746 2115 collocatio
1770 2071 1833 2116 nec
1867 2051 2011 2136 simplex
2048 2062 2098 2119 est
2133 2078 2252 2143 neque

585 2187 634 2244 ea,
660 2187 764 2253 quarn
788 2168 835 2232 rei
859 2174 982 2232 natura
1005 2165 1147 2244 adferat,
1171 2187 1276 2252 quare
1300 2166 1335 2231 in
1360 2166 1460 2231 certis
1483 2166 1594 2231 causis
1618 2166 1766 2250 positum
1792 2173 1850 2242 est,
1876 2166 1968 2251 quod
1993 2168 2027 2233 in
2053 2170 2169 2256 lingua
2201 2173 2251 2238 la-

585 2283 656 2348 tina
684 2293 755 2348 tam
779 2284 941 2368 frequens
965 2289 1024 2349 est.
1073 2282 1123 2348 De
1146 2283 1332 2368 principiis,
1357 2303 1378 2347 a
1401 2281 1526 2367 quibus
1550 2283 1702 2367 proiecta
1724 2289 1784 2358 est,
1810 2303 1913 2368 supra
1948 2283 2028 2348 dixi.
2075 2285 2160 2351 Cum
2199 2297 2249 2354 ta-

584 2396 674 2464 libus
712 2396 794 2464 locis
828 2399 896 2463 iam
932 2398 1041 2483 magis
1080 2399 1304 2483 frequentata,
1341 2405 1379 2463 ut
1412 2397 1497 2462 ratio
1547 2398 1715 2462 contraria
1757 2398 1940 2464 uerborum
1976 2421 2079 2484 qnam
2116 2405 2250 2487 optime

584 2514 921 2594 animaduerteretur‚
946 2514 989 2580 ad
1014 2534 1116 2599 quam
1142 2513 1348 2580 efferendam
1373 2512 1492 2598 lingua
1515 2512 1621 2579 latina
1644 2533 1753 2597 usque
1769 2534 1906 2599 quaque
1922 2536 2028 2600 prona
2046 2526 2105 2594 est,
2124 2519 2246 2605 figura,

584 2650 652 2715 qua
675 2631 781 2696 oratio
805 2629 989 2716 elegantior
1013 2630 1123 2708 fiebat,
1137 2650 1209 2695 esse
1233 2629 1415 2704 uideretur,
1441 2628 1483 2694 ad
1507 2629 1591 2694 alios
1620 2649 1765 2714 quoque,
1792 2628 1850 2695 ubi
1874 2632 2032 2696 contrarii
2057 2635 2244 2719 quicquam

584 2766 651 2811 non
676 2754 757 2821 erat,
782 2746 1050 2812 transferebatur
1084 2756 1118 2811 et
1155 2747 1366 2831 frequentior
1401 2746 1510 2812 fiebat.
1558 2745 1597 2811 Id
1630 2766 1766 2830 quoque
1801 2743 1938 2824 accedit,
1964 2748 2056 2832 quod
2091 2750 2246 2818 chiasmo

582 2861 735 2928 adhibito
759 2861 901 2928 uariatio
924 2869 1021 2948 grata
1043 2862 1224 2928 uerborum
1249 2861 1347 2937 inest,
1372 2867 1410 2927 ut
1434 2861 1679 2927 Nnonnsnscn
1704 2862 1712 2925 l
1750 2862 1769 2925 l.
1795 2862 1881 2927 bene
1905 2864 2070 2949 exposuit.

689 2979 724 3045 si
749 2980 837 3044 inter
861 2978 964 3045 uerba
987 2998 1048 3064 per
1070 2978 1261 3044 chiasmum
1286 2979 1395 3064 posita
1419 2978 1503 3042 ratio
1527 2978 1696 3042 centraria
1719 2977 1905 3054 intercedit,
1919 2999 1958 3044 eo
1983 2979 2020 3044 fit
2035 2988 2073 3044 ut
2097 2981 2243 3048 uerbum

582 3094 768 3161 uiolatum
794 3102 1025 3181 postponatur,
1050 3094 1181 3160 etiamsi
1219 3094 1273 3159 hic
1308 3094 1402 3159 locus
1437 3113 1506 3158 non
1531 3094 1583 3171 sit,
1608 3093 1666 3158 ubi
1692 3094 1726 3157 ui
1751 3093 1900 3158 effertur.
1949 3094 2004 3161 Sic
2029 3117 2122 3179 pron.
2150 3119 2240 3182 poss.

582 3212 617 3275 ui
641 3210 769 3277 elatum
793 3210 970 3286 antecedit,
995 3211 1030 3276 in
1055 3211 1206 3276 chiasmo
1230 3218 1345 3275 autem
1369 3209 1467 3294 sequi
1490 3216 1600 3295 potest
1624 3214 1661 3274 ut
1686 3211 1760 3274 Am.
1790 3212 1856 3274 409
1880 3231 1929 3295 sq.
1967 3234 2024 3277 cur
2058 3235 2121 3278 nou
2156 3217 2245 3280 intro

580 3348 615 3392 eo
636 3327 673 3393 iu
695 3333 839 3393 naamam
862 3328 1012 3393 mmum?
1060 3327 1156 3408 Quid,
1181 3328 1307 3391 domum
1329 3325 1512 3407 uestraml,·
1534 3326 1601 3388 494
1624 3345 1673 3409 sq.
1700 3326 1773 3390 Neu
1798 3348 1866 3408 par
1888 3327 2017 3392 uidetur
2045 3328 2157 3413 fucere
2192 3333 2242 3396 de-

580 3443 689 3509 lictum
710 3464 799 3509 auom
824 3444 984 3525 Suam
1006 3443 1189 3525 ut‘cuipam
1212 3440 1357 3523 expetere
1378 3443 1414 3505 iu
1436 3442 1599 3506 mortalem
1622 3441 1717 3505 sinat.
1754 3440 1880 3506 Contra
1903 3440 1975 3508 Orc.
2004 3445 2066 3508 105
2090 3467 2139 3530 sq.
2178 3447 2245 3513 Sed

579 3579 671 3641 quom
695 3560 800 3625 adbuc
822 3581 901 3624 uaso
925 3560 1000 3624 edes
1022 3560 1195 3624 obsecutus!
1216 3579 1292 3633 meo,
1317 3556 1373 3622 Da
1395 3557 1542 3622 uicissim
1567 3578 1629 3622 meo
1651 3559 1777 3639 quitum
1798 3559 1956 3639 paediam
1979 3559 2119 3624 chiasmi
2138 3582 2243 3628 causa

579 3697 645 3741 mee
682 3683 760 3742 ante
793 3677 917 3759 putturi
952 3674 1099 3762 positum
1124 3682 1183 3749 est,
1208 3694 1419 3759 quamquam
1444 3694 1538 3758 pron.
1564 3694 1664 3758 poss,
1689 3674 1717 3737 ei
1741 3675 1776 3738 ui
1801 3681 1892 3739 caret
1915 3682 1948 3740 et
1972 3676 2076 3741 subst.
2095 3679 2129 3742 ui
2147 3681 2242 3744 aller·

578 3799 644 3869 tur,
669 3793 764 3878 sequi
787 3791 880 3857 solet.
928 3790 1127 3856 Chiasmum
1151 3810 1239 3876 saepe
1263 3788 1418 3855 adhiberi
1442 3790 1510 3855 iam
1534 3788 1615 3866 dixi,
1648 3790 1780 3854 etiamsi
1816 3792 1901 3856 ratio
1937 3792 2030 3857 nulla
2062 3794 2242 3860 intercedit

578 3908 667 3974 inter
689 3887 730 3974 ea
754 3907 865 3984 uerba,
892 3927 968 3993 quae
992 3927 1052 3992 per
1075 3906 1263 3971 chiasmum
1289 3911 1479 3991 ponuntur;
1515 3905 1630 3990 itaque
1654 3926 1743 3990 saepe
1768 3906 1867 3972 litut
1903 3907 2004 3973 uerba
2040 3930 2100 3994 par
2134 3909 2238 3976 chias-

581 4046 674 4090 mum
698 4024 806 4110 posita
831 4024 865 4089 ui
889 4024 1058 4109 praecipua
1083 4043 1152 4087 nou
1176 4023 1371 4097 efferantur,
1394 4042 1473 4087 cum
1497 4021 1685 4086 orationem
1709 4021 1948 4107 elegantiorem
1973 4023 2081 4089 selum
2100 4024 2237 4104 efficiat;

578 4163 610 4207 u.
636 4140 793 4227 exempla
816 4161 857 4206 ex
882 4139 989 4226 poetis
1012 4138 1168 4223 elegiacis
1190 4158 1294 4224 supra
1317 4136 1435 4220 allata;
1475 4157 1586 4221 neque
1609 4136 1715 4203 uerba
1738 4138 1880 4203 chiasmi
1916 4160 2050 4224 semper
2086 4142 2118 4205 ni
2150 4142 2239 4207 inter

578 4279 614 4324 se
637 4257 805 4323 contraria
839 4258 1036 4331 efferuntur,
1062 4254 1119 4320 sed
1159 4253 1330 4320 interdum
1364 4253 1465 4318 ambo
1499 4252 1558 4318 alii
1593 4253 1698 4318 uerbo
1733 4263 1954 4339 opponuntur
1988 4264 2027 4321 ut
2058 4259 2131 4321 Am.
2171 4260 2239 4323 494
2343 4266 2347 4275 “

577 4388 621 4474 (u.
646 4374 771 4460 supra),
795 4379 829 4438 et
851 4373 877 4436 si
903 4393 980 4457 quae
1004 4371 1097 4435 notio
1136 4369 1318 4455 repetendo
1355 4370 1388 4433 ui
1424 4370 1596 4454 praecipua
1630 4369 1800 4435 efferenda
1828 4376 1887 4446 est,
1927 4372 2029 4435 etiam
2065 4372 2237 4438 chiasmus

577 4490 757 4557 adhibetur
785 4497 825 4554 ut
849 4487 906 4553 Ht.
932 4489 975 4553 25
998 4487 1180 4552 Arbitrium
1205 4493 1353 4561 uestrum,
1378 4491 1490 4551 uestra
1517 4486 1720 4551 existumetis
1752 4487 1885 4551 Vaiebit.
1935 4486 2107 4551 Interdum
2135 4489 2238 4554 uerba

577 4604 719 4673 chiasmi
742 4604 851 4690 magis
873 4604 1051 4669 artificiose
1075 4602 1281 4668 collocantur
1304 4624 1355 4667 ex.
1381 4622 1407 4666 c.
1439 4601 1475 4665 B.
1501 4603 1566 4667 585
1602 4601 1715 4666 Alieno
1750 4602 1835 4666 uiris
1865 4608 1937 4667 tuas
1970 4609 2106 4668 arctentur
2134 4606 2238 4670 ostio?

578 4722 617 4787 ln
647 4721 817 4806 plerisque
859 4726 972 4785 tamen
1012 4718 1185 4803 exemplis,
1211 4718 1246 4782 in
1282 4716 1406 4803 quibus
1446 4718 1648 4801 pronomina
1682 4722 1809 4790 extant,
1849 4715 1895 4781 rei
1931 4723 2054 4782 natura
2090 4720 2161 4795 lert,
2199 4729 2237 4785 ut

577 4837 661 4903 ratio
699 4820 858 4923 quaedam
895 4835 1064 4901 contraria
1101 4834 1199 4909 insit;
1250 4834 1434 4910 chiasmus,
1474 4835 1532 4918 qui
1568 4832 1678 4897 solum
1718 4830 1760 4896 ad
1801 4832 1987 4897 orationem
2033 4835 2233 4900 uariaudam

576 4953 676 5030 ualet,
700 4952 869 5038 praecipue
893 4951 928 5016 in
952 4952 993 5016 iis
1018 4951 1181 5035 exemplis
1205 4956 1354 5035 apparet,
1381 4949 1437 5014 ubi
1462 4949 1624 5015 attributa
1647 4946 1815 5013 adiectiua
1838 4955 1918 5013 suut
1942 4957 1980 5012 ut
2002 4950 2093 5034 apud
2119 4960 2234 5035 poetas

576 5068 753 5153 elegiacos;
789 5066 880 5152 apud
904 5066 1050 5131 corrricos
1074 5075 1188 5132 autem
1213 5067 1319 5130 rarior
1343 5072 1401 5131 est.
1451 5064 1581 5141 Quodsi
1605 5064 1691 5129 ratio
1713 5066 1882 5129 contraria
1905 5064 2011 5141 adest,
2029 5066 2142 5137 uerba,
2157 5087 2234 5151 quae

575 5206 636 5271 per
658 5184 848 5249 chiasmum
874 5189 1058 5267 ponuntur,
1084 5182 1174 5246 idem
1200 5182 1390 5247 membrum
1410 5160 1578 5246 'orationis
1603 5200 1675 5245 esse
1700 5201 1836 5246 necesse
1870 5201 1937 5244 non
1973 5188 2033 5257 est,
2058 5181 2101 5246 cf.
2128 5203 2179 5247 ex.
2205 5204 2231 5246 c.

574 5301 637 5366 ur.
666 5302 725 5365 167
753 5300 809 5365 Me
831 5301 958 5365 absente
981 5304 1076 5381 atquc
1099 5299 1257 5374 immnuta,
1284 5299 1466 5363 inconsultu
1489 5320 1572 5379 meo,·
1606 5296 1707 5361 etiam
1732 5296 1871 5362 liberius
1902 5296 1966 5360 Mo.
2000 5299 2060 5360 991
2094 5320 2142 5382 sq.
2180 5300 2233 5364 Li-

682 5613 701 5681 ¹)
720 5614 868 5668 Eiusmodi
888 5614 1037 5667 collocatio
1056 5619 1101 5665 eat
1121 5614 1184 5666 Aul.
1206 5614 1254 5666 107
1276 5611 1348 5665 Nam
1367 5615 1458 5665 amter
1483 5615 1583 5665 matre
1610 5615 1683 5679 quiet
1710 5610 1841 5679 muniatur
1868 5610 1961 5671 msice,
1991 5611 2014 5663 si
2044 5626 2146 5664 uersus
2176 5628 2233 5663 cor-

573 5708 676 5771 ruptus
696 5721 752 5756 non
773 5708 824 5756 est.
862 5703 1010 5755 Gvuurvs
1031 5720 1081 5769 pro
1108 5706 1197 5754 rmeter
1225 5701 1301 5755 trebia
1328 5702 1454 5754 scriborc
1483 5703 1584 5763 uoluit,
1614 5701 1800 5753 uerisimilius
1830 5701 1991 5752 Snurrunr
2011 5697 2111 5752 Nestor
2132 5701 2232 5753 l'bilol.

574 5794 698 5859 XXVII,
717 5794 778 5846 433.

681 5888 701 5957 ¹)
720 5893 947 5957 anunsnscu,
968 5893 1028 5944 Lat.
1049 5890 1130 5959 stru,
1151 5909 1177 5958 p.
1196 5892 1249 5945 63b
1268 5908 1329 5957 sqq.
