5650 7325
957 1050 1000 1105 De
1020 1050 1208 1105 collocatione
1228 1066 1309 1118 pron.
1328 1048 1384 1103 adi.
1403 1048 1482 1116 apud
1501 1048 1634 1101 Plautum
1654 1052 1684 1102 et
1700 1047 1876 1101 Terentium.
2224 1028 2245 1093 3

586 1211 827 1298 quissimarum
860 1211 1055 1297 compositis
1079 1212 1307 1285 confirmatur,
1341 1216 1379 1276 ut
1409 1208 1565 1275 Ananias
1596 1207 1840 1291 Buaonreuu¹l
1878 1208 2034 1285 ostendit,
2069 1210 2141 1275 siue
2176 1231 2244 1275 uox

586 1328 774 1414 composita
797 1327 1027 1394 coniunctioni
1052 1327 1294 1412 attributiuae¹)
1318 1326 1500 1412 respondet
1523 1333 1561 1391 ut
1586 1323 1761 1408 ἀκρόπολις,
1787 1326 1985 1409 albopalerus
2013 1334 2046 1392 et
2076 1325 2253 1392 adiectiua·

586 1445 783 1531 composita,
808 1467 885 1531 quac
909 1446 1088 1512 cadumim
1112 1445 1273 1512 dicuntur
1296 1451 1334 1510 ut
1358 1445 1559 1530 βουκὲφαλος,
1583 1442 1817 1527 mnqnanimus.
1844 1441 1916 1507 siue
1947 1442 2051 1507 uerbo
2076 1464 2153 1509 eum
2190 1443 2245 1509 ob-

585 1561 672 1628 iecto
696 1560 876 1628 coniuncto
900 1562 1082 1648 respondet
1105 1569 1143 1628 ut
1167 1559 1342 1648 cisternae,
1368 1584 1491 1645 auceps.

694 1678 759 1744 Sed
783 1678 855 1745 haec
879 1678 934 1745 lex
958 1678 1063 1744 uerba
1086 1678 1273 1745 collocandi
1298 1700 1365 1744 uon
1391 1677 1504 1744 stricte
1529 1678 1730 1743 obseruatur
1752 1684 1790 1741 ut
1813 1677 1848 1741 in
1873 1677 1998 1759 linguis
2022 1676 2172 1754 turcicis;
2208 1680 2244 1744 iu

588 1795 704 1881 lingua
720 1794 923 1881 primigenia
939 1816 1076 1881 quoque
1093 1795 1207 1878 uerba,
1225 1814 1302 1880 quae
1324 1795 1389 1860 alia
1405 1794 1581 1869 definiunt,
1596 1795 1695 1859 etiam
1714 1801 1829 1860 secuta
1845 1798 1926 1859 sunt
1948 1815 2000 1858 ex.
2026 1816 2052 1861 0.
2078 1793 2244 1880 appositio

587 1934 662 1997 quae
687 1909 857 1993 uocatur⁸l
881 1917 914 1977 et
937 1913 1201 1998 praepositiones.
1251 1911 1315 1978 Hae
1338 1911 1476 1997 quidem
1507 1912 1542 1976 iu
1577 1933 1678 1996 prosa
1712 1910 1862 1976 oratioue
1897 1908 2010 1975 indica
2044 1917 2243 1996 sequuntur,

586 2028 683 2094 cuius
706 2027 933 2094 collocationis
957 2028 1102 2114 uestigia
1125 2030 1227 2095 etiam
1252 2029 1286 2094 in
1311 2027 1438 2113 linguis
1461 2027 1581 2093 italicis
1606 2034 1638 2092 et
1661 2048 1770 2112 graeca
1808 2034 1989 2111 apparent:
2026 2026 2067 2092 de
2090 2027 2156 2093 illis
2180 2027 2244 2093 dis·

586 2145 666 2211 serit
703 2143 818 2227 Luci).
878 2144 917 2210 In
953 2145 1047 2212 libris
1081 2145 1230 2212 vedaicis
1265 2153 1298 2212 et
1328 2145 1534 2211 antecedunt
1563 2153 1595 2210 et
1634 2153 1822 2229 sequuntur
1834 2142 1866 2225 ⁶),
1903 2143 1993 2229 quod
2034 2145 2244 2211 rationemne

584 2261 760 2347 antiquam
785 2263 917 2339 referat,
943 2261 1088 2328 dubitari
1115 2269 1240 2347 potcst;
1277 2268 1367 2329 certo
1391 2263 1493 2327 etiam
1518 2270 1594 2347 post
1618 2261 1722 2327 subet.
1748 2260 1860 2325 locum
1896 2261 2085 2347 antiquitus
2120 2260 2243 2328 habue-

584 2386 672 2444 ruut.
721 2379 820 2444 Ratio
844 2378 945 2445 huius
968 2380 1142 2446 uarietatis
1167 2401 1236 2445 uon
1260 2381 1359 2466 plane
1383 2378 1527 2444 obseura
1550 2400 1622 2444 esso
1646 2377 1789 2446 uidetur.
1838 2378 1924 2442 Nam
1957 2350 2125 2443 oiiiectum
2151 2399 2244 2444 accu-

585 2495 733 2560 satiuum
758 2494 800 2561 ad
826 2495 1045 2581 praedicatum
1069 2497 1227 2563 accedere
1253 2517 1387 2562 necesse
1412 2506 1470 2571 est,
1496 2501 1529 2560 et
1558 2494 1660 2567 notio,
1694 2516 1771 2579 quae
1809 2494 1971 2559 attributo
2004 2494 2133 2560 adiecto
2169 2495 2243 2561 sub-

585 2611 732 2677 stantiuo
756 2611 901 2686 additur,
927 2613 1115 2678 necessaria
1138 2613 1222 2679 solet
1261 2635 1333 2679 esse
1361 2618 1394 2678 et
1429 2612 1633 2678 sententiam
1668 2612 1887 2683 constituere:
1928 2611 2095 2696 appositio
2130 2619 2241 2676 autem

584 2728 787 2794 sententiam
812 2729 924 2815 potius
948 2730 1094 2816 explicat
1117 2736 1150 2796 et
1173 2730 1308 2817 planius
1333 2730 1481 2815 exponit.
1529 2727 1788 2814 Praepositiones
1813 2749 1948 2812 quoque
1984 2727 2080 2792 initio
2113 2734 2242 2793 senteu-

584 2845 665 2910 tiam
690 2845 826 2930 planius
850 2846 1121 2932 explicauerunt;
1160 2869 1237 2912 cum
1262 2854 1376 2912 autem
1402 2866 1566 2911 uumerus
1590 2866 1729 2910 casuum
1756 2843 1962 2909 decresceret
1985 2849 2018 2908 et
2053 2864 2160 2909 nouas
2196 2865 2243 2909 ra·

586 2962 693 3026 tiones
718 2962 907 3046 exprimere
941 2984 1078 3029 necesse
1114 2971 1210 3040 esset,
1235 2964 1277 3029 ad
1314 2941 1516 3029 sententiam
1553 2962 1749 3028 necessariae
1785 2960 1925 3037 fiebant;
1961 2960 2051 3045 quod
2089 2961 2188 3025 etiam
2225 2982 2243 3026 e

584 3076 802 3144 collocatione
838 3084 968 3143 mutata
1003 3087 1152 3164 apparet,
1178 3100 1256 3145 cum
1280 3080 1315 3144 in
1341 3082 1452 3145 locum
1476 3086 1555 3144 ante
1579 3077 1682 3143 subet.
1708 3078 1919 3163 transpositae
1949 3078 2025 3141 sint.
2074 3077 2157 3142 Haec
2180 3076 2242 3142 col-

587 3192 707 3258 locatio
730 3215 849 3259 reuera
872 3194 990 3260 eadem
1015 3201 1066 3260 est
1089 3202 1191 3280 atque
1216 3217 1264 3273 ea,
1290 3195 1332 3262 de
1356 3217 1425 3281 qua
1448 3195 1643 3260 llunsntcx
1668 3194 1802 3259 disserit
1824 3195 1856 3259 S.
1876 3194 1911 3258 F.
1929 3193 1979 3258 111
2002 3194 2065 3258 1ιο0
2091 3194 2241 3259 nomine:

586 3308 654 3374 Dar
690 3310 769 3375 Satz
802 3311 859 3375 101
893 3311 960 3376 eine
996 3311 1156 3395 Scdlqrpa
1193 3333 1403 3398 quamquam
1440 3311 1473 3376 id
1510 3312 1657 3387 interest,
1692 3311 1782 3396 quod
1818 3311 1853 3374 iu
1889 3310 2062 3387 exemplis,
2103 3330 2179 3394 quae
2214 3310 2243 3374 is

585 3431 715 3501 tractat,
741 3424 883 3490 uerbum
909 3425 1105 3492 additicium
1147 3425 1210 3511 (die
1249 3429 1411 3511 Sellappa)
1448 3428 1561 3494 uerbis
1600 3428 1781 3494 interiectis
1820 3435 1896 3512 post
1935 3427 2034 3492 finem
2076 3426 2241 3494 enuntiati

585 3541 730 3626 ponitur,
769 3541 803 3605 in
838 3543 891 3607 iris
927 3551 1039 3609 alitem
1077 3544 1219 3609 uerbum
1253 3545 1296 3608 ad
1332 3544 1422 3629 quod
1459 3546 1606 3630 pertinet
1638 3544 1863 3628 subsequitur.
1912 3544 2015 3608 Porro
2051 3543 2152 3608 etiam
2188 3543 2242 3608 ad·

584 3657 706 3723 iectiua
741 3657 897 3743 quaedam
934 3660 968 3724 in
1011 3660 1127 3744 lingua
1174 3661 1376 3748 primigenia
1411 3667 1525 3727 secuta
1572 3683 1644 3727 csse
1688 3660 1880 3725 Ducentos
1914 3657 2052 3745 putat⁰t
2093 3681 2132 3724 ca
2166 3681 2242 3744 quae

584 3774 733 3859 aliquam
771 3776 915 3860 speciem
957 3777 1161 3862 significant,
1203 3786 1242 3843 ut
1280 3778 1361 3842 dicit
1393 3777 1595 3854 Arisnucnr,
1636 3777 1693 3861 qui
1726 3777 1772 3841 ita
1806 3798 1878 3842 esse
1917 3777 1950 3841 in
1986 3775 2104 3860 lingua
2139 3776 2242 3852 latina

582 3890 828 3956 demonstrauit
838 3890 870 3974 ⁷).
918 3892 983 3958 Sed
1007 3915 1085 3959 curn
1111 3894 1152 3959 ad
1178 3916 1253 3960 eam
1277 3894 1388 3959 indica
1413 3894 1483 3960 sola
1508 3894 1653 3964 accedat,
1672 3915 1724 3959 res
1745 3895 1825 3958 satis
1849 3894 1977 3959 incerta
2000 3914 2071 3958 esse
2097 3892 2240 3974 uidetur,

582 4027 793 4091 quamquam
839 4008 940 4073 etiam
986 4009 1051 4075 hoc
1086 4010 1200 4096 aliquo
1236 4011 1337 4076 modo
1372 4032 1450 4076 cum
1487 4032 1526 4076 oa
1568 4032 1670 4095 qrram
1708 4010 1866 4095 proposui
1915 4030 2034 4074 norma
2081 4009 2240 4094 coniungi

584 4129 703 4207 potest,
744 4122 771 4187 si
807 4123 841 4188 id
874 4124 1046 4200 adhibeas,
1083 4126 1175 4211 quod
1211 4126 1231 4191 1.
1270 4127 1288 4193 Ι.
1329 4126 1464 4192 disserit
1498 4127 1702 4191 Dnrmai'rcn.
1751 4126 1848 4191 Certo
1884 4127 2086 4212 pronomina
2120 4133 2153 4191 et
2187 4126 2242 4190 ad-

583 4238 707 4303 iectiua
745 4239 912 4323 quadam,
949 4264 1025 4327 quae
1064 4243 1338 4327 frequentissime
1373 4242 1632 4314 adhibebantur,
1681 4241 1939 4319 antecedebaut;
1982 4262 2060 4306 unm
2103 4242 2138 4306 iu
2178 4242 2242 4309 hoc

584 4375 727 4437 magnus
751 4362 801 4419 est
824 4376 1008 4422 consensus
1032 4356 1238 4440 linguarum.
1287 4357 1400 4422 Etiam
1425 4358 1488 4423 hoc
1512 4357 1729 4443 cogitandum
1756 4357 1872 4423 eston
1903 4358 2155 4425 collocationem
2188 4382 2241 4444 pe·

582 4467 776 4553 culiarcm⁸l
800 4470 865 4535 adi.
892 4473 987 4557 sequi
1013 4494 1121 4558 posse,
1146 4474 1174 4538 si
1198 4473 1303 4540 subst.
1329 4475 1362 4540 ui
1389 4474 1515 4540 elatum
1540 4474 1767 4559 anteponitur,
1793 4475 1883 4558 quod
1909 4482 2074 4558 quantum
2100 4496 2118 4540 e
2141 4476 2241 4559 sigui-

582 4586 736 4651 ticatione
759 4586 916 4653 adiectiui
942 4588 1098 4674 pendeat,
1123 4590 1276 4655 nondum
1302 4590 1526 4656 diiudicatum
1551 4597 1610 4656 est.
1660 4589 1745 4655 Vtut
1768 4595 1818 4656 est
1847 4591 1963 4673 lingua
1988 4591 2092 4656 latina
2115 4590 2149 4656 in
2186 4591 2240 4656 ad-

581 4701 711 4766 icetiuis
735 4703 938 4770 collocandis
961 4727 1039 4771 suas
1063 4706 1217 4791 sequitur
1240 4706 1339 4792 leges.

689 4818 721 4882 si
748 4819 815 4882 duo
840 4821 892 4885 uel
918 4822 1016 4907 plura
1040 4822 1145 4888 uerba
1169 4821 1259 4888 idem
1284 4822 1429 4887 uerbum
1455 4820 1630 4892 definiunt,
1657 4821 1701 4898 id,
1726 4820 1817 4906 quod
1842 4822 1997 4907 proxime
2024 4822 2067 4887 ad
2095 4823 2238 4888 uerbum

690 5033 709 5096 ¹)
730 5037 923 5104 lianunmun,
945 5039 1097 5092 Mdmoires
1117 5040 1153 5092 de
1173 5039 1331 5092 resociare
1351 5040 1386 5090 de
1407 5038 1606 5104 Linnristiqne.
1626 5037 1642 5090 d
1662 5038 1742 5091 Paris
1762 5039 1804 5090 lIl
1823 5037 1914 5103 (1819)
1932 5055 1958 5106 p.
1978 5039 2008 5091 ‘21
2032 5056 2093 5106 sqq.

688 5131 707 5190 'l
728 5134 789 5186 lloc
809 5136 925 5188 nomine
945 5141 977 5189 ut
995 5138 1211 5191 substantiarum
1231 5155 1290 5191 una
1316 5155 1382 5190 cum
1410 5137 1550 5190 attributo
1568 5137 1721 5200 designare
1745 5136 1814 5189 milri
1836 5137 1921 5189 liceat
1950 5144 2024 5204 peto,
2053 5154 2118 5190 cum
2146 5155 2181 5191 ea
2208 5138 2238 5190 in

582 5237 670 5274 unum
691 5224 900 5289 cmnprehensa
919 5241 983 5278 esse
1003 5244 1079 5293 saepe
1099 5228 1261 5292 significare
1281 5243 1400 5280 necesse
1420 5227 1466 5278 sit.

684 5317 704 5383 ⁸)
723 5321 902 5383 Dauliades,
922 5323 948 5375 S.
970 5325 997 5376 F.
1017 5324 1067 5386 IV,
1090 5323 1150 5386 lou
1180 5326 1232 5391 111,
1251 5325 1286 5377 42>
1305 5326 1340 5377 vi.
1361 5326 1404 5388 ilii,
1424 5324 1549 5376 Gruudr.
1571 5324 1603 5384 V,
1625 5323 1676 5375 198
1695 5342 1736 5390 sq.

687 5416 707 5483 ⁴)
726 5421 796 5485 Luc,
816 5421 1036 5486 chcrkunuen
1056 5424 1128 5476 iiber
1147 5424 1341 5491 plautiuisclrc
1363 5423 1572 5488 Wortstcllung
1591 5423 1650 5475 und
1673 5424 1892 5489 Wortgruppeu,
1914 5424 2016 5476 Naelrr.
2035 5425 2087 5475 der
2106 5425 2173 5477 (ies.
2187 5424 2238 5476 der

582 5508 666 5560 Wiss.
686 5524 721 5560 zu
740 5508 907 5577 (tettingen,
927 5511 1077 5578 phil-hist.
1099 5513 1144 5566 Kl.
1165 5513 1242 5577 1895,
1264 5530 1290 5580 p.
1310 5512 1362 5565 417
1382 5529 1425 5578 sq.

689 5604 707 5670 ⁶)
727 5607 906 5677 Dnrnnocx,
926 5609 1051 5665 Gmudr.
1070 5612 1105 5678 V,
1125 5611 1185 5665 104.

687 5701 709 5770 ⁶)
727 5705 853 5759 Grundr.
875 5709 908 5769 V,
928 5708 962 5760 95
981 5725 1024 5775 sq.

688 5800 708 5868 ¹)
727 5804 758 5856 ll.
778 5810 955 5870 Aunnucur,
975 5807 1017 5860 lle
1036 5808 1171 5861 adiectiui
1190 5808 1320 5862 attributi
1341 5809 1370 5861 in
1391 5809 1489 5874 lingua
1507 5808 1597 5861 latina
1616 5809 1812 5873 collocatione,
1835 5809 1908 5860 llius.
1931 5808 2075 5874 llarpurgi
2099 5809 2174 5862 1890.
2229 5875 2239 5882 .

688 5898 883 5966 ⁸)(lollocatio
909 5905 1106 5972 peculiaris:
1119 5905 1276 5961 occasioned
1305 5905 1502 5974 (Dracontion),
1522 5904 1655 5960 rhetoricis
1680 5905 1801 5972 (Jnnup
1828 5905 2239 5974 grammatiea=trcditicncll

577 5989 641 6059 (D.),
657 5990 840 6059 qrammarel
856 5991 913 6061 (1.).
